4775 6075
2129 549 2256 639 11

658 821 809 915 est,
860 839 1088 919 quum
1141 810 1499 913 captivam
1522 809 2017 886 Cassandram
2053 809 2435 910 alloquens
2463 816 2798 905 ἱχερνίβων
2844 828 3004 881 cam
3056 805 3372 876 κοινωνὸν
3415 814 3743 895 futurum

660 935 830 1039 om
882 953 1066 1032 dicit
1112 958 1365 1028 mm„
1396 953 1560 1043 „aa
1577 927 1847 1040 ,δούλω
1887 953 2251 1033 &asez-m
2290 949 2565 1036 κησίου
2602 955 2829 1043 βωμοῦ
2864 961 3078 1037 naac-
3093 945 3180 1045 10)
3237 949 3458 1051 Quod
3503 963 3746 1033 autem

660 1076 763 1173 de
807 1073 1022 1172 ,iovis
1077 1085 1352 1182 ctesii,
1408 1082 1605 1158 idem
1673 1079 1832 1156 sine
1882 1079 2107 1157 dubio
2172 1077 2390 1155 etiam
2445 1080 2540 1155 de
2592 1080 2862 1159 nen-cii
2912 1086 3135 1166 etde
3184 1085 3548 1188 Apollinis
3602 1091 3746 1168 Pa-

662 1232 819 1312 triti
875 1229 1109 1307 sacris
1187 1219 1659 1302 statuendum
1740 1231 1880 1295 est.
1999 1219 2373 1294 Arcebant
2437 1218 2527 1292 ab
2591 1216 2708 1293 his
2760 1222 2994 1297 sacris
3054 1248 3314 1299 servos
3372 1236 3448 1300 et
3501 1238 3747 1305 extra-

663 1369 844 1448 neos
896 1360 1401 1469 superstitiosi
1464 1356 1839 1450 homines,
1898 1353 2025 1454 qui
2088 1354 2582 1455 praesentiam
2644 1371 2900 1432 eorum
2966 1357 3146 1435 diis
3168 1360 3523 1461 ingratam
3577 1361 3747 1443 es‘se

663 1521 790 1625 aut
847 1506 1155 1583 officere
1222 1519 1605 1575 sacrorum
1686 1485 2066 1568 efficaciae
2139 1516 2364 1591 posse
2419 1491 2999 1592 suspicabantur
3015 1495 3130 1597 ¹⁷),
3180 1521 3330 1573 nnn
3379 1502 3750 1599 arcebant,

665 1648 792 1749 qui
845 1645 1156 1721 liberum
1211 1637 1300 1712 ab
1355 1630 1735 1709 eiusmodi
1768 1628 2295 1730 superstitione
2350 1617 2668 1705 animum
2712 1630 3102 1708 habebant.

998 1777 1266 1878 Restat
1318 1781 1427 1846 ut
1461 1766 1735 1868 aliquid
1785 1763 2007 1841 etiam
2058 1765 2156 1843 de
2218 1767 2575 1843 vocabulo
2627 1767 2805 1845 τέλος
2861 1768 3275 1867 adiiciatur,
3328 1774 3530 1874 φᾶ
3575 1775 3754 1854 lieet

666 1924 738 1999 in
794 1914 1080 2000 Cratini
1144 1905 1514 2000 versiculo
1574 1904 1670 1979 de
1736 1901 1980 2012 sacris
2037 1901 2276 2027 accipi
2337 1927 2486 1979 non
2536 1930 2761 2006 posse
2821 1905 3520 2006 demonstraverim,
3582 1913 3754 1991 alibi

668 2074 914 2136 tamen
955 2068 1476 2154 nonnunquam
1521 2040 1632 2117 sic
1685 2048 2121 2139 usurpatum
2174 2063 2218 2114 a
2268 2039 2644 2117 veteribus
2698 2066 2867 2118 esse
2922 2044 3234 2145 quodvis
3284 2046 3580 2125 lexicon
3630 2050 3760 2130 do-

672 2208 812 2274 cet.
915 2187 1141 2294 Quod
1212 2207 1437 2285 quum
1491 2189 1783 2256 constet
1850 2175 2068 2252 etiam
2098 2225 2107 2234 ·
2139 2176 2345 2253 verbi
2393 2192 2587 2253 τελῶ
2630 2201 2842 2256 usum
2902 2180 2975 2256 in
3029 2181 3262 2259 sacris
3315 2183 3756 2285 frequentis-

666 2333 931 2410 simum
976 2349 1184 2417 esse,
1238 2318 1533 2420 dicique
1594 2325 1671 2391 et
1722 2316 1802 2386 τὰ
1843 2316 1981 2406 ἱερὰ
2021 2323 2243 2399 τελεῖν,
2282 2316 2395 2397 τὰς
2425 2317 2670 2396 &volae
2711 2327 2928 2407 τελεῖν,
2976 2319 3056 2389 τὰ
3093 2315 3289 2412 ὄργια
3329 2334 3544 2408 τελεῖν,
3586 2323 3758 2402 hinc

671 2465 936 2569 aliquis
990 2459 1192 2540 effici
1240 2458 1561 2534 fortasse
1600 2448 1890 2528 dixerit
1953 2444 2132 2523 nihil
2184 2447 2507 2542 obstare,
2549 2447 2939 2547 quominus
2992 2447 3212 2525 etiam
3262 2459 3346 2529 r&
3389 2462 3530 2547 τὰς,
3563 2473 3759 2537 τελεῖν

673 2605 936 2684 eodein
990 2606 1216 2677 sensu
1281 2591 1520 2694 accipi
1569 2587 1907 2691 potuisse
1969 2585 2386 2662 credamus.
2489 2583 2718 2684 Atqui
2776 2607 2925 2660 non
2989 2584 3344 2686 quidquid
3408 2589 3580 2667 fieri
3631 2619 3764 2696 po-

674 2753 844 2840 test,
896 2747 1311 2843 proptereav
1339 2730 1559 2807 etiam
1601 2725 1771 2803 fieri
1827 2723 2091 2813 debet3
2156 2732 2235 2804 et
2294 2719 2375 2796 in
2431 2720 2878 2822 scriptorum
2943 2721 3551 2825 interpretatione
3614 2754 3762 2809 non

672 2896 819 2960 tam
870 2878 951 2956 id
999 2872 1257 2977 quaeri
1322 2863 1698 2959 convenit,
1763 2857 1942 2962 quid
2007 2857 2338 2960 potuerit
2399 2857 2719 2935 fortasse
2780 2858 3021 2960 aliqua
3064 2860 3439 2938 locutione
3490 2864 3763 2967 signifi-

674 3021 853 3115 cari,
906 3037 1121 3119 quam
1150 3007 1326 3112 quid
1356 3028 1534 3081 vere
1583 2994 1986 3102 significari
2036 2994 2329 3072 solitum
2367 2994 2504 3072 site
2556 2994 2744 3073 haec
2770 2995 2961 3072 enim
2993 3020 3139 3074 una
3163 3022 3447 3075 summa
3497 3001 3623 3081 lex
3648 3019 3765 3084 est

675 3181 898 3236 sanae
939 3140 1598 3250 interpretationis,
1648 3158 1961 3236 eamque
2012 3133 2229 3210 etiam
2281 3132 2358 3208 in
2412 3132 2696 3210 Cratini
2745 3135 2912 3211 loco
2965 3135 3343 3212 observari
3411 3145 3766 3240 oportuit.

680 3294 837 3373 Sed
891 3292 1076 3367 alter
1113 3306 1408 3387 quoque
1463 3302 1676 3354 error
1722 3270 2217 3350 removendus
2261 3281 2401 3347 esu
2503 3270 2690 3347 Nam
2748 3297 2971 3374 quum
3027 3282 3317 3349 constet
3379 3290 3766 3378 cognatum

678 3429 1121 3510 irocabulum'
1171 3425 1417 3509 τελετὴν
1457 3415 1553 3492 de
1598 3411 1885 3490 arcanis
1935 3408 2398 3512 potissimum
2453 3417 2531 3484 et
2572 3406 2904 3509 mysticis
2947 3434 3324 3486 sacrorum
3371 3415 3770 3513 generibus

678 3552 1025 3668 usurpari
1077 3560 1348 3650 solere,
1389 3554 1692 3629 fuerunt
1756 3547 1883 3650 qui
1937 3545 2246 3624 eandem
2301 3543 2634 3622 'arcani
2699 3542 3307 3646 significationem
3376 3549 3595 3629 etiam
3664 3554 3769 3632 illi

678 3704 928 3799 alteri,
973 3705 1177 3784 τέλος,
1219 3691 1426 3795 quasi
1484 3686 1857 3791 propriam
1906 3683 2357 3761 tribuerent=
2417 3702 2660 3783 neque
2710 3681 3230 3759 Petersenium
3282 3684 3371 3759 ab
3423 3684 3563 3763 hac
3616 3688 3770 3789 opi-

680 3843 900 3922 nione
952 3836 1355 3913 abhorrere
1404 3821 1765 3905 videmus.
1881 3820 2036 3926 Qui
2092 3831 2337 3898 autem
2405 3819 2820 3897 accuratius
2883 3818 3377 3921 inquisiverit,
3456 3847 3596 3900 nec
3655 3848 3772 3901 ra-

691 3965 894 4058 tione
948 3999 1108 4051 eam
1172 3964 1421 4044 fulciri
1480 3988 1723 4065 neque
1787 3958 2147 4062 exemplis
2213 3956 2678 4059 comprobari
2736 3956 3115 4058 intelliget.
3231 3956 3459 4034 Velut
3518 3958 3593 4036 in
3629 3960 3774 4042 ‚his

682 4109 1071 4217 Euripidis
1120 4103 1456 4184 versibus
1470 4101 1609 4205 ,²⁸)·

722 4448 751 4458 Η
844 4442 950 4550 16)
989 4468 1203 4532 Aescu.
1243 4467 1446 4536 Anam.
1480 4474 1540 4519 v.
1587 4456 1750 4518 1035.

843 4580 949 4676 17)
989 4580 1074 4642 Cr.
1111 4575 1358 4639 Lobcck.
1394 4568 1674 4644 Aglaopn.
1714 4582 1769 4643 p,
1812 4565 1925 4624 273
1962 4576 2085 4635 sqq.

750 4672 754 4677 ⁴
852 4672 958 4770 ss)
998 4692 1078 4750 Ex
1118 4685 1416 4764 deperdita
1455 4680 1663 4750 rabula,
1705 4677 1850 4775 apud
1891 4674 2244 4735 Athenaeum
2285 4672 2356 4745 11,
2405 4673 2471 4731 12
2508 4686 2564 4747 p.
2605 4671 2698 4731 40.
