4775 6075
2110 543 2123 594 -’
2139 528 2277 616 1⁵

630 784 1164 891 quod-borum
1192 806 1449 859 omnes
1501 781 1690 859 ritus
1731 791 1952 884 atque
1997 784 2487 864 caerimoniae
2519 783 2996 886 praecipuam
3048 780 3406 886 quandam
3462 780 3728 861 sancti·

631 920 950 998 nomiam'
1005 922 1281 997 babere
1334 920 1662 1021 nihilque
1717 946 1976 999 eorum
2043 923 2244 999 salva
2297 920 2656 1022 religione
2707 923 3200 1022 praetermitti
3261 907 3525 1019 posse,
3591 918 3727 994 sed

636 1059 730 1134 ad
773 1056 1472 1136 consummationem
1524 1056 1809 1158 pariter
1845 1058 2088 1135 omnia
2143 1058 2569 1136 necessaria
2621 1082 2790 1134 esse
2853 1055 3305 1136 viderentur.
3408 1055 3598 1132 Nam
3653 1055 3730 1131 in

625 1193 787 1271 aliis
831 1194 1065 1271 sacris
1110 1195 1340 1271 multa
1378 1195 1596 1270 etiam
1654 1194 1894 1272 minus
1937 1195 2359 1274 necessaria
2411 1179 2581 1273 fieri
2632 1195 3000 1290 solebant,
3054 1216 3244 1295 quae
3300 1204 3551 1269 utrum
3603 1193 3724 1268 ab·

630 1342 885 1408 esseut
937 1356 1029 1408 an
1090 1331 1442 1408 adessent
1484 1332 1577 1410 ad
1623 1359 1981 1411 summam
2031 1359 2192 1411 rem
2242 1358 2388 1411 non
2441 1355 2888 1433 magnopere
2935 1330 3316 1407 intererat.
3419 1330 3519 1406 ln·
3568 1328 3726 1430 qui-

624 1471 762 1546 bus
808 1480 1054 1545 autem
1092 1467 1269 1543 nibil
1318 1492 1465 1544 non
1502 1495 1788 1546 summa
1826 1470 2186 1572 religione
2228 1469 2796 1565 observandum,
2847 1478 2926 1543 et
2972 1492 3281 1567 quorum
3317 1466 3516 1541 nulla
3547 1490 3723 1566 pars

626 1606 930 1717 minoris
985 1607 1074 1682 ad
1115 1606 1815 1683 consummationem
1858 1607 2206 1685 momenti
2258 1601 2484 1704 esset,
2537 1608 2611 1683 in
2657 1607 2774 1683 bis
2820 1604 3003 1682 illud
3056 1612 3294 1693 τελετῆς
3343 1602 3502 1706 siye
3553 1628 3724 1679 con-

628 1742 1136 1819 summationis
1191 1767 1456 1819 nomen
1503 1744 1914 1846 praecipuo
1962 1745 2279 1846 quodam
2331 1744 2554 1822 modo
2605 1743 2954 1847 usurpari
3000 1742 3297 1819 solitum
3350 1765 3524 1816 esse
3574 1763 3720 1816 non

627 1876 1098 1955 mirabimur=
1152 1903 1615 1981 quamquam,
1654 1893 1733 1957 ut
1785 1881 1970 1977 dixi,
2052 1882 2272 1958 etiam
2333 1880 2817 1984 generalioris
2887 1904 3071 1958 usus
3136 1878 3478 1977 exempla
3521 1876 3725 1953 haud

618 2014 915 2092 desunt.
1020 2015 1516 2094 Perfectionis
1578 2030 1822 2093 autem
1875 2029 1952 2093 et
2004 2019 2650 2096 consummationis
2692 2017 3067 2095 notionem
3108 2016 3184 2092 in
3234 2013 3481 2090 verbis
3526 2025 3721 2089 πλεῖν

623 2163 699 2228 et
752 2159 954 2245 τελετή
1004 2152 1222 2228 etiam
1266 2151 1369 2228 ibi
1407 2153 1944 2254 agnoscendam
1998 2181 2172 2232 esse
2222 2156 2564 2251 arbitror,
2613 2156 2738 2232 ubi
2789 2154 2886 2233 de
2934 2153 3339 2232 initiatione
3381 2147 3720 2253 mysteri·
3773 2260 3777 2264 .
3927 2127 3930 2130 ¹

621 2314 853 2366 orum·
924 2301 1400 2391 usurpantur.
1529 2290 1838 2369 Scilicet
1917 2293 2146 2370 certis
2236 2293 2669 2395 quibusdam
2769 2289 3330 2370 lustrationibus
3410 2288 3716 2389 aliisque

621 2426 1086 2504 caerimoniis
1127 2451 1316 2528 opus
1361 2435 1558 2524 erat,
1612 2429 1880 2530 quibus
1934 2428 2060 2533 qni
2101 2429 2246 2508 rite
2307 2429 2731 2533 praeparati
2789 2442 3046 2524 erant,
3089 2426 3235 2504 iam
3286 2426 3381 2503 ad
3422 2423 3717 2526 partici-

591 2565 860 2666 'panda
910 2562 1268 2665 mysteria
1327 2563 1544 2664 plane
1602 2566 1753 2667 apti
1821 2578 1901 2643 et
1949 2567 2160 2669 quasi
2237 2566 2720 2645 consummati
2797 2564 3366 2668 &cebsaim-¹⁸).
3447 2539 3717 2640 'Latini

620 2727 778 2778 rem
807 2702 1134 2778 ‘eandam
1190 2700 1561 2776 contrario
1614 2704 1995 2800 vocabulo,
2037 2704 2174 2781 sed
2240 2704 2524 2808 pariter
2593 2712 2766 2803 apto
2827 2702 3264 2805 significant.
3368 2700 3557 2778 Nam
3608 2699 3721 2776 lu'·

625 2838 1103 2917 strationibus
1154 2836 1299 2914 illis
1354 2861 1439 2914 ac
1494 2839 1962 2918 caerimoniis
2012 2841 2306 2919 initus
2359 2843 2434 2918 b.
2472 2866 2540 2917 e.
2592 2839 2835 2918 aditus
2863 2839 2955 2918 ad
3005 2839 3365 2943 'mysteria
3411 2837 3714 2939 paraba-

616 2991 762 3075 tur,
823 3001 1013 3080 quae
1072 2989 1149 3054 et
1217 2976 1383 3077 ipsa
1456 2978 1551 3053 ab
1586 3025 1591 3036 ·
1626 2976 1811 3057 initu
1892 3001 2160 3057 nomen
2229 2977 2607 3056 initiorum
2687 2988 3194 3079 acceperunt.-
3220 3017 3305 3036 -·
3369 2974 3714 3076 Denique

617 3124 820 3209 τελετὴ
876 3118 953 3193 et
1020 3125 1341 3198 ventosae
1401 3112 1621 3190 etiam
1686 3118 1778 3193 de
1850 3117 2412 3195 consecratione
2459 3114 2881 3229 ⁸imaginum
2954 3114 3412 3216 aliarumque
3459 3138 3709 3190 rerum

616 3260 764 3341 dici
813 3247 1286 3348 videmus¹⁸)‚
1338 3256 1528 3349 quae
1570 3253 1796 3331 certis
1843 3234 2278 3355 quibusdam
2330 3250 2595 3330 ritibus
2657 3252 2730 3330 vi
2796 3252 3108 3353 quadam
3167 3264 3244 3327 et
3310 3250 3523 3352 quasi
3571 3274 3712 3327 nu-

617 3400 812 3478 mine
887 3388 1133 3469 divino
1195 3384 1489 3484 impleri
1557 3391 2086 3489 credebantur,
2160 3391 2451 3494 scilicet
2520 3388 2690 3490 quia
2740 3389 2850 3465 sic
2911 3390 3204 3467 demum
3259 3389 3352 3464 ad
3415 3411 3706 3463 sacrum

615 3523 859 3616 usum³.
883 3543 1053 3632 apta
1100 3524 1473 3624 planeque
1521 3530 1861 3629 perfecta
1910 3540 1989 3605 et
2038 3543 2539 3607 consummata
2606 3526 2755 3607 dici
2817 3536 3184 3628 poterant.
3286 3526 3403 3602 Ad
3453 3524 3709 3649 imagi·

939 3887 1053 3972 2⁴)
1096 3890 1183 3953 Cr.
1241 3890 1502 3957 Euntatn.
1550 3891 1621 3949 ad
1653 3888 1720 3950 ii.
1753 3889 1854 3963 ix,
1903 3885 2018 3949 310
2055 3903 2110 3966 p.
2149 3884 2283 3959 752,
2339 3884 2441 3947 io:
2530 3887 2834 3946 τελεῖσθαι
2883 3907 2955 3947 το
3005 3889 3293 3964 μυεῖσθαι
3351 3881 3454 3945 καὶ
3508 3880 3706 3969 οῧτῳς

612 4002 995 4081 ἐντελέστατα
1035 3997 1207 4080 ἔχειν.
1298 4000 1418 4061 Νοιι
1458 4001 1703 4059 absimili
1744 4003 1967 4061 tattone
2009 4014 2046 4058 a
2095 4000 2448 4059 christianis·
2490 3998 2866 4073 scriptoribus
2907 3999 3312 4057 τελειοῦσθαι
3376 3985 3580 4059 dicitnr
3647 4005 3708 4059 et

610 4114 914 4185 τελείωσις
938 4116 1010 4174 de
1049 4116 1328 4190 baptismo
1367 4114 1465 4172 ant
1502 4112 1574 4172 de
1612 4112 1975 4171 sacramento
2001 4112 2467 4181 confirmationis,
2506 4112 2566 4171 et
2603 4104 2817 4169 τέλειοι
2851 4112 2945 4181 qni
2969 4111 3240 4184 baptizati
3269 4110 3367 4169 ant
3393 4096 3708 4169 confirmati

612 4232 767 4292 sant.
842 4227 963 4288 Viti.
1003 4226 1081 4284 nn
1120 4224 1315 4297 cange
1356 4225 1548 4283 Gloss.
1589 4238 1647 4298 p.
1699 4221 1863 4282 1540.
1940 4220 2118 4282 Etiam
2158 4223 2230 4283 de
2278 4223 2719 4282 consecratione
2757 4221 3132 4281 ecclesiarum
3172 4220 3555 4280 τελειοῦσθαι
3593 4204 3705 4282 dici

610 4341 873 4402 Valesius
909 4337 1129 4396 notavit
1166 4337 1240 4396 ad
1279 4336 1557 4412 Harpocr.
1596 4347 1650 4409 p.
1689 4332 1765 4392 03
1802 4332 1942 4406 (224
1983 4329 2227 4408 uincit).

940 4440 1055 4527 25)
1097 4445 1185 4508 Cf.
1224 4447 1479 4509 Eustatli.
1525 4447 1543 4505 l
1593 4445 1668 4504 i.:
1710 4436 1814 4501 καὶ
1863 4443 2017 4522 γοῦν
2067 4439 2169 4501 καὶ
2226 4438 2672 4502 Παλλάδιον
2722 4436 3270 4518 τετελεσμένον
3322 4438 3424 4500 καὶ
3473 4438 3703 4512 λίθος

610 4554 1147 4635 τετελεσμένος
1187 4552 1339 4616 κατὰ
1391 4551 1686 4630 τοιαύτην
1725 4550 2035 4633 σημασίαν
2073 4548 2317 4632 ἐλέγετο.
2398 4554 2622 4624 Aliquot
2659 4553 2920 4630 exempla
2958 4554 3067 4615 viil.
3108 4567 3199 4630 ap.
3242 4554 3306 4614 ii.
3333 4554 3701 4630 Stephanum,

610 4675 881 4738 Tbeaanr.
921 4674 1056 4731 tom.
1091 4669 1189 4730 vu
1225 4682 1281 4745 p.
1303 4666 1450 4730 icoo
1490 4669 1580 4730 ed.
1618 4670 1805 4733 Paris.
