4775 6075
652 1944 869 2118 Ex
934 2039 1325 2142 deperdita
1378 2036 1667 2115 Cratini
1727 2036 2041 2115 iunioris
2101 2037 2488 2118 comoedia
2540 2000 2874 2115 Chirone=
2926 2040 3016 2114 ab
3069 2039 3458 2117 Athenaeo
3505 2040 3647 2139 XI,
3701 2043 3746 2118 3

655 2202 726 2277 p.
778 2175 931 2252 460
982 2178 1057 2254 hi
1106 2202 1372 2255 versus
1414 2177 1864 2255 afferuntun

2364 2313 2695 2398 πολλοστῷ
2739 2306 2914 2380 δ’ἔτει

1488 2431 1564 2498 ἐκ
1605 2431 1731 2497 τῶν
1770 2427 2084 2516 «cleptim
2126 2423 2333 2496 οἴκαδ’
2378 2424 2558 2513 ἥκων
2568 2482 2591 2517 ‚
2638 2435 2973 2520 ξυγγενεῖς

1493 2546 1609 2616 καὶ
1652 2546 1974 2635 φράνέρας
2011 2544 2126 2614 καὶ
2168 2546 2450 2636 δημότας
2491 2550 2694 2638 εὑρὼν
2736 2550 2921 2639 μόλις
2937 2601 2958 2634 ,

1494 2669 1582 2745 εἰς
1623 2667 1693 2733 τὸ
1735 2670 2062 2734 κυλικεῖον
2102 2665 2489 2756 ἐνεγράφην.
2580 2669 2733 2747 Ζεὺς
2776 2664 2909 2738 ἔστι
2948 2695 3055 2755 μοι

1491 2788 1757 2873 ἑρκεῖος,
1800 2780 1933 2853 ἔστι
1975 2782 2299 2872 φράτριος·
2342 2786 2424 2854 τὰ
2458 2789 2599 2874 τθη
2640 2790 2797 2858 τελῶ
2836 2825 2915 2841 -—

504 2987 509 2990 .
657 2933 846 3009 quos
885 2917 1198 3010 apparet
1238 2905 1555 2984 hominis
1586 2930 1756 2983 esse
1810 2930 1910 2984 ex
1955 2904 2197 3008 aliqua
2242 2907 2570 2987 hostium
2612 2920 2815 2987 terra
2841 2920 3013 3012 post
3041 2909 3462 2986 diuturnam
3496 2909 3753 2987 absen-
3895 2883 3904 2890 ’

657 3048 831 3124 tiam
885 3047 960 3124 in
1006 3048 1314 3149 patriam
1361 3048 1694 3126 Athenas
1743 3046 2034 3122 reversi
2075 3059 2298 3148 atque
2348 3048 2428 3124 in
2480 3047 2850 3126 civitatem
2891 3073 3039 3125 non
3102 3049 3263 3125 sine
3316 3045 3560 3148 aliqua
3617 3049 3752 3128 dif-

657 3184 987 3262 ficultate
1037 3186 1387 3264 restituti.
1493 3184 1684 3262 Nam
1731 3182 1928 3283 quod
1982 3183 2111 3262 vix
2163 3209 2209 3261 a
2258 3210 2344 3261 se
2390 3186 2742 3286 gentiles,
2793 3187 3212 3288 phratores‚
3262 3184 3596 3263 demotas
3647 3189 3756 3267 in-

660 3338 919 3402 ventos
973 3351 1143 3401 esse
1195 3323 1323 3420 ait,
1371 3346 1595 3424 aegre
1643 3320 1785 3398 sibi
1840 3321 2238 3424 contigisse
2294 3322 2702 3425 significat,
2766 3335 2850 3400 ut
2892 3348 2935 3399 a
2990 3323 3146 3400 suis
3188 3337 3755 3425 agnoscet-etun

657 3461 945 3539 scilicet
994 3487 1217 3564 quum
1263 3461 1624 3562 puerulus
1674 3461 1996 3538 fortasse
2038 3460 2283 3562 aliquo
2320 3485 2503 3538 casu
2555 3486 2599 3536 e
2644 3460 2885 3562 patria
2924 3461 3286 3537 abductus
3333 3463 3751 3568 multosque

659 3625 888 3677 annos
938 3600 1135 3678 inter
1186 3601 1441 3677 hostes
1495 3598 1844 3675 detentus
1889 3607 2119 3674 esset.
2223 3598 2380 3675 Sed
2426 3599 2755 3700 quamvis
2806 3599 3153 3676 universa
3201 3597 3347 3674 loci
3395 3606 3759 3685 sententia

659 3737 839 3814 satis
888 3739 1103 3840 plana
1155 3737 1276 3834 sit,
1328 3742 1472 3813 non
1523 3735 1759 3836 liquet
1809 3744 2097 3832 tamen,
2143 3736 2323 3836 quid
2387 3737 2485 3814 de
2529 3745 2831 3831 κυλικείῳ
2895 3735 3368 3814 statuendum
3432 3737 3565 3837 sit,
3634 3749 3756 3826 cui

663 3845 747 3952 se
799 3875 923 3952 ille
967 3876 1423 3978 adscriptum
1479 3898 1648 3950 esse
1705 3872 2061 3970 affirmat,
2122 3898 2366 3975 neque
2431 3889 2976 3978 postremorum
3044 3874 3437 3950 verborum
3492 3890 3576 3953 r&
3615 3887 3758 3974 φάη

665 4023 821 4089 τελῶ
877 4011 1244 4090 sententia
1302 4022 1517 4089 extra
1575 4011 2154 4088 controversiam
2213 4022 2353 4088 est‘.
2460 4013 2762 4114 Operae
2812 4010 3134 4115 pretium
3211 4009 3439 4111 igitur
3508 4014 3761 4118 fuerit,

665 4175 856 4251 quae
910 4152 1119 4228 nobis
1183 4161 1312 4226 aut
1378 4171 1555 4225 vera
1620 4158 1789 4224 aut⁴
1801 4148 2203 4249 probabilis
2260 4150 2655 4250 utriusque
2700 4149 2818 4227 rei
2864 4148 3380 4252 interpretatio
3433 4172 3606 4230 esse
3656 4156 3762 4234 vi-

666 4287 973 4384 deatur,
1040 4289 1288 4391 paullo
1356 4285 1779 4362 accuratius
1840 4309 2248 4387 exponere.
2366 4287 2483 4364 Ac
2551 4286 2870 4389 primum
2934 4285 3233 4388 quidem
3287 4284 3382 4361 de
3433 4296 3764 4385 κυλικείῳε

667 4451 815 4527 quo
876 4427 1233 4504 vocabulo
1296 4422 1601 4527 proprie
1662 4421 1843 4499 nihil
1893 4422 2093 4499 aliud
2154 4423 2297 4500 nisi
2350 4426 2787 4525 poculorum
2850 4421 3417 4525 repositorium,
3485 4424 3600 4511 νὴν
3640 4433 3768 4501 “zv

670 4567 978 4656 stov-noim
1022 4567 1438 4651 σκεωρήκην
1498 4558 1901 4661 significari
1931 4570 2218 4638 certum
2258 4575 2396 4639 est.
2445 4561 2711 4664 Neque
2729 4561 2939 4638 aliam
2969 4561 3134 4639 eius
3163 4560 3774 4662 significationem

682 4698 1109 4776 Athenaeus
1139 4707 1694 4794 commemorat,
1724 4696 1862 4775 sed
1892 4696 2133 4775 tribus
2182 4723 2280 4777 ex
2309 4697 2811 4801 Aristophane
2852 4710 2928 4777 et
2954 4698 3253 4778 Enbnlo
3281 4698 3466 4776 locis
3511 4698 3780 4796 citatis,

3084 4834 3155 4893 1.
