4775 6075
646 805 944 907 quidem
999 805 1103 901 is,
1157 803 1371 881 euius
1420 804 1545 880 illa
1584 801 1825 881 'verba
1870 818 2067 902 sunt,
2117 806 2260 883 hoe
2316 831 2541 883 unum
2596 804 2842 906 egisse
2896 804 3225 901 videtur,
3263 813 3353 883 'ut
3398 807 3636 882 civem
3686 825 3770 881 se

649 969 819 1021 esse
871 945 1440 1038 demonstraret,
1490 942 1583 1018 ad
1637 967 1852 1044 quam
1906 968 2067 1019 rem
2118 943 2297 1020 nihil
2348 943 2815 1036 interfuisse,
2871 945 3115 1021 utru'm
3174 943 3448 1020 tributa
3487 958 3771 1020 cetera-

645 1108 791 1185 que
840 1081 1084 1159 munia
1129 1079 1370 1159 civilia
1416 1090 1836 1180 praestaret
1882 1104 1975 1156 an
2014 1105 2201 1174 non3
2243 1081 2675 1158 interfuisse
2718 1092 2963 1158 autem
2997 1106 3468 1183 magnopere,
3522 1094 3767 1158 utrum

645 1243 1027 1298 sacrorum
1080 1243 1544 1313 areanorum,
1590 1242 1780 1318 quae
1828 1218 2031 1295 cives
2082 1219 2223 1295 soli
2267 1220 2627 1314 colerent,
2682 1217 3056 1320 particeps
3091 1243 3182 1294 an
3230 1243 3504 1319 expers
3542 1234 3764 1295 esset.

644 1357 812 1459 Ego
856 1366 1114 1434 eontra
1168 1357 1439 1433 nullam
1493 1379 1790 1433 causam
1844 1379 2015 1432 esse
2066 1355 2309 1451 video,
2354 1382 2495 1433 eur
2547 1355 2690 1433 non
2733 1353 2877 1432 hoe
2925 1356 3175 1457 potius
3227 1356 3611 1432 eonsilium
3665 1358 3767 1431 lo-

644 1495 937 1597 quentis
1023 1493 1259 1570 fuisse
1336 1505 1780 1588 statuamus,
1862 1516 2005 1569 non
2086 1493 2308 1570 modo
2375 1505 2458 1569 ut
2532 1491 2953 1569 restitutum
3035 1519 3119 1568 se
3195 1519 3364 1569 esse
3438 1493 3511 1569 in
3593 1491 3766 1568 civi·

641 1644 905 1726 tatem,
956 1630 1090 1708 sed
1149 1643 1231 1707 ut
1282 1629 1648 1732 praestari
1700 1627 1921 1705 etiam
1976 1654 2020 1705 a
2075 1654 2158 1705 se
2214 1629 2658 1724 affirmaret,
2727 1653 2915 1729 quae
2980 1629 3262 1707 civibus
3320 1630 3764 1731 praestanda

640 1782 894 1847 essent
946 1765 1417 1873 conferendis
1468 1766 1765 1843 tributis
1845 1765 2154 1866 aliisque
2220 1765 2649 1844 muneribus
2715 1767 3099 1843 obeundis.
3226 1768 3449 1867 Quod
3515 1780 3760 1844 autem

639 1906 813 1985 huic
893 1903 1485 2007 interpretationi
1562 1904 1960 1980 verborum
2042 1909 2123 1981 τὰ
2169 1910 2309 1993 τέλη
2354 1909 2510 1979 τελῶ
2549 1904 3035 1981 Petersenius
3099 1903 3317 1980 etiam
3386 1928 3597 1980 usum
3659 1905 3763 1981 lo-

639 2044 912 2147 quendi
985 2045 1282 2120 obstare
1357 2053 1720 2130 autumat,
1797 2040 1941 2117 hoe
2004 2038 2140 2116 viri
2206 2038 2615 2116 doctissimi
2695 2041 3046 2118 iudicium
3126 2041 3475 2142 redargui
3545 2042 3758 2118 facile

637 2193 909 2285 potest.
1045 2181 1239 2258 Nolo
1316 2205 1513 2256 nune
1581 2177 1948 2254 eiusmodi
2031 2175 2442 2253 locutiones
2536 2202 3152 2274 commemorare,
3251 2180 3506 2279 quales
3587 2192 3759 2253 sunt

636 2324 986 2415 ζευγίσιον,
1024 2323 1294 2407 θητικὸν
1336 2329 1555 2409 τελεῖν,
1594 2313 1669 2389 iu
1718 2313 1985 2415 quibus
2038 2333 2213 2404 „2204-
2266 2314 2856 2391 subaudiendum
2909 2341 3079 2392 esse
3136 2328 3444 2418 apparet
3461 2316 3520 2413 ⁹)
3543 2373 3565 2409 ,
3616 2328 3757 2391 ‘aut

636 2484 706 2526 το
757 2457 918 2526 &urb
981 2459 1155 2534 τέλος
1215 2462 1412 2524 τελεῖν
1486 2450 1559 2527 in
1612 2449 2144 2527 Demosthenis
2221 2448 2555 2527 oratione
2625 2465 2883 2529 contra
2957 2452 3461 2529 Timocratem
3487 2453 3571 2554 m)
3660 2447 3755 2528 de

632 2586 752 2682 iis,
807 2584 931 2686 qui
987 2584 1320 2662 eiusdem
1370 2588 1628 2665 classis
1681 2601 1853 2665 sunt
1905 2588 2217 2689 eiusque
2283 2587 2529 2664 munia
2594 2601 3014 2690 praestante
3080 2614 3246 2665 nam
3315 2591 3756 2691 responderi

632 2725 952 2800 fortasse
993 2722 1233 2824 possit
1283 2722 1479 2800 aliud
1544 2751 1714 2801 esse
1762 2732 1832 2801 τὸ
1877 2732 2050 2810 τέλος·
2086 2724 2442 2825 singulari
2494 2750 2827 2822 numero,
2882 2725 3079 2805 aliud
3132 2737 3211 2804 τὰ
3256 2737 3397 2818 τέλη
3446 2753 3751 2804 numero

631 2859 922 2963 plurali.
999 2859 1265 2961 Neque
1308 2862 1483 2938 talia
1529 2861 1860 2958 afferam,
1914 2863 2130 2963 quale
2184 2874 2301 2938 est
2352 2870 2434 2939 τὰ
2476 2869 2621 2952 τέλη
2661 2872 3088 2948 κατατιθέναι
3119 2866 3314 2965 apud
3344 2866 3751 2966 Antiphon-

631 3010 779 3076 tem
802 2996 933 3100 ¹¹),
1004 3002 1086 3075 τὰ
1139 2999 1256 3073 ἴσα
1296 3005 1437 3087 τέλη
1480 3005 1732 3103 διδότω
1773 3000 1968 3103 apud
2011 2994 2634 3105 Hesychiumfl),
2712 2996 2998 3099 aliaque
3075 2999 3373 3097 similia,
3452 3002 3526 3078 in
3595 3004 3750 3103 qui*

633 3140 771 3213 bus
826 3161 1051 3235 quum
1107 3132 1203 3209 de
1249 3132 1790 3235 significatione
1844 3136 2157 3214 nominis
2206 3134 2527 3213 dubitari
2579 3146 2935 3236 nequeat,
3004 3104 3451 3216 dubitaret-it
3497 3155 3743 3217 tamen

631 3273 947 3350 sortasse
979 3270 1266 3371 aliquis,
1320 3296 1493 3347 num
1537 3298 1675 3374 pro
1733 3282 2167 3360 xararaee'vm
2208 3286 2336 3351 aut
2379 3280 2630 3371 δςδὸυαι
2674 3272 2892 3348 etiam
2940 3287 3134 3348 τελεῖν
3170 3282 3249 3350 τὰ
3296 3286 3436 3368 τέλη
3481 3278 3748 3355 eodem

630 3435 858 3487 sensu
936 3407 1087 3484 dici
1152 3407 1472 3485 licuerit.
1626 3409 1783 3486 Sed
1862 3409 2039 3510 quid
2121 3409 2396 3513 opponi
2484 3407 2911 3486 huiusmodi
3000 3412 3363 3513 exemplis
3440 3416 3744 3516 poterit,

633 3550 848 3650 quale
919 3558 1036 3622 est
1097 3545 1172 3620 i'n
1256 3546 1564 3622 decreto
1632 3546 2190 3643 Piraeensium,
2273 3548 2501 3648 Corp.
2568 3546 2806 3623 lnscr.
2876 3571 2995 3623 no.
3064 3548 3202 3653 [01
3284 3577 3349 3626 v.
3413 3554 3551 3647 25,
3621 3553 3743 3630 ubi

630 3682 1173 3793 Callidamanti·
1219 3683 1507 3759 cuidam
1589 3708 1634 3758 a
1711 3683 2240 3763 Piraeensibus
2305 3683 2502 3767 inter
2580 3678 2722 3769 alia
2795 3683 2966 3759 iura
3035 3670 3262 3761 ‘eliam
3346 3688 3487 3765 hoc
3572 3717 3745 3766 eon·

629 3820 961 3899 cediturt
1010 3831 1208 3894 τελεῖν
1246 3824 1599 3907 'a’mbvadz
1650 3826 1823 3895 ἆυτὰ
1856 3827 2008 3911 -τέλη
2067 3794 2146 3895 ἐν.
2197 3829 2284 3913 τῷ
2332 3828 2542 3913 δήμῳ,
2597 3790 2761 3913 gerse
2817 3817 2905 3894 ἂν
2950 3825 3066 3893 καὶ
3107 3838 3444 3916 Πειραιεΐς,
3496 3831 3610 3903 καὶ
3650 3832 3740 3920 μὴ

628 3961 913 4050 εκλέγειν
963 3959 1104 4047 παρ’
1162 3958 1369 4027 αὐτοῦ
1418 3957 1530 4027 τὸν
1589 3959 1929 4048 δήμαρχον
1982 3960 2053 4029 τὸ
2100 3962 2526 4049 έγκτητικόνῖ
2590 3956 2710 4032 De
2773 3981 3153 4032 sacrorum
3226 3954 3739 4039 communione

811 4242 886 4331 9)
928 4248 1017 4310 Cr.
1060 4249 1312 4308 Boeekh.
1353 4247 1564 4308 oecon.
1606 4246 1758 4320 publ.
1802 4245 1829 4305 1
1875 4259 1932 4321 p.
1973 4245 2106 4305 ⁶51.

773 4354 881 4443 10)
921 4362 985 4421 Ρ.
1025 4363 1139 4420 ⁷45
1180 4356 1417 4435 §.1442
1467 4347 1609 4415 ου’δὲ
1647 4352 1819 4432 δήσω
1858 4348 2209 4433 Ἀθηναίων
2250 4346 2489 4427 οὐδένα,
2534 4348 2602 4427 ὃς
2659 4350 2737 4415 ὃν
2780 4354 3070 4436 ἐγγυητὰς
3118 4363 3281 4437 τρεῖς
3343 4366 3608 4440 καθιστῇ
3664 4359 3732 4423 τὸ

625 4465 774 4533 αὐτὸ
814 4468 982 4542 τέλος
1022 4469 1367 4538 τελοῦντας.
1448 4467 1583 4527 Erat
1619 4467 1731 4527 hoe
1768 4470 1829 4526 tu
1866 4471 1990 4529 ture
2033 4470 2272 4529 iurando
2305 4471 2656 4531 senatorum.
2692 4470 2802 4529 vid.
2848 4465 2880 4546 ἕ
2927 4472 3056 4531 14⁷.

776 4574 887 4663 11)
928 4583 1012 4642 De
1048 4581 1229 4642 caede
1268 4579 1481 4640 Herod.
1523 4592 1578 4653 p.
1618 4581 1732 4638 744
1772 4574 1825 4655 ξ.
1865 4581 1962 4637 77.

777 4685 887 4773 12)
937 4693 1001 4754 S.
1046 4706 1100 4754 V.
1140 4688 1442 4760 ἶσοτελεῖς.
