4775 6075
671 791 955 870 Gratini
1008 790 1375 869 versiculo
1426 814 1576 870 non
1629 793 1942 895 amplius
2002 793 2489 891 dubitabitur,
2550 804 2716 872 utra
2776 792 3289 893 interpretatio
3345 793 3592 872 verior
3644 796 3766 884 sit,

664 929 911 1025 illane,
966 953 1158 1031 quae
1208 929 1653 1006 Petersenio
1693 930 1997 1032 placuit,
2035 956 2125 1008 au
2181 933 2449 1028 altera,
2498 956 2711 1031 quam
2764 930 2878 1009 vir
2909 929 3395 1012 ,doctissimus
3449 958 3595 1010 non
3651 959 3767 1010 so—

666 1067 816 1158 lum
869 1068 959 1144 ab
1003 1066 1130 1143 illo
1177 1079 1534 1144 contextu
1579 1067 1715 1144 sed
1761 1067 1982 1144 etiam
2031 1070 2121 1144 ab
2177 1094 2317 1166 usu
2369 1068 2718 1169 loquendi
2761 1067 3068 1144 alienam
3126 1093 3297 1144 esse
3343 1070 3766 1147 autumavit.

1001 1203 1157 1280 Sed
1222 1215 1338 1279 est
1401 1203 1619 1280 etiam
1680 1203 1867 1281 alius
1909 1231 2149 1283 ,error
2217 1232 2382 1282 cum
2439 1205 2624 1281 falsa
2705 1203 2849 1279 isia
2905 1204 3514 1306 interpretatiope
3599 1232 3769 1286 con-

665 1340 1001 1437 iunctus,
1077 1339 1274 1440 quod
1351 1364 1565 1416 sacra
1611 1340 1771 1436 illa,
1853 1367 2042 1442 quae
2109 1352 2315 1419 τελῶν
2362 1341 2656 1419 nomine
2731 1340 3102 1443 designari
3158 1342 3433 1438 credit,
3503 1351 3772 1422 arcana

666 1476 929 1573 fuisse,
983 1477 1211 1578 idque
1256 1477 1446 1554 adeo
1502 1478 1643 1553 boc
1693 1476 1857 1579 ipso
1908 1477 2202 1555 nomine
2255 1477 2625 1554 declarari
2682 1477 3048 1578 opinatur.
3168 1477 3473 1555 Scilicet
3525 1503 3772 1556 sacro-

665 1638 829 1691 rum
885 1612 1335 1717 privatorum
1390 1641 1478 1692 ac
1548 1613 2124 1691 domesticorum
2169 1657 2273 1672 —
2338 1615 2434 1690 de
2506 1613 2620 1690 bis
2688 1613 2878 1690 enim
2932 1614 3110 1689 solis
3170 1614 3410 1715 agitur
3466 1661 3548 1671 —
3619 1614 3767 1693 duo

667 1774 943 1851 genera
1009 1752 1243 1828 fuisse
1311 1751 1608 1828 statuite
1681 1750 1822 1827 alia
1879 1752 2119 1853 palam
2188 1777 2354 1828 cum
2429 1750 2903 1827 familiaribus
2974 1761 3051 1826 et
3114 1751 3367 1827 amicis
3412 1752 3772 1828 celebrari

667 1887 908 1985 solita,
953 1888 1028 1965 in
1081 1889 1347 1991 quibus
1398 1914 1612 1966 sacra
1664 1887 2054 1989 nuptialia,
2101 1887 2656 1989 amphidromia,
2701 1886 2898 1964 iusta
2938 1870 3275 1964 funebria
3323 1887 3773 1991 inferiasque

672 2025 980 2102 mortuis
1034 2029 1338 2123 oblatas,
1383 2026 1524 2104 alia
1573 2026 1648 2103 in
1693 2038 1955 2127 operto
2008 2026 2463 2127 remotisque
2536 2024 2831 2101 arbitris
2879 2026 3291 2125 operanda,
3334 2024 3407 2100 iu
3453 2051 3597 2126 quo
3645 2052 3770 2127 ge-

669 2185 853 2238 nere
904 2164 1327 2243 nominatim
1369 2164 1584 2241 ,iovis
1641 2162 1914 2240 Hercii
1977 2175 2055 2239 et
2104 2161 2469 2265 Apollinis
2512 2161 2783 2240 Patriti
2841 2185 3055 2237 sacra
3120 2173 3496 2258 numerat,
3559 2189 3771 2264 quae,

670 2299 1001 2398 quamvis
1044 2300 1327 2380 civibus
1392 2300 1727 2380 omnibus
1795 2299 2249 2395 communia,
2313 2299 2541 2377 nihilo
2610 2298 2851 2376 minus
2907 2309 3150 2374 tamen
3209 2323 3474 2375 arcana
3537 2299 3771 2379 fuisse

668 2436 850 2533 vult,
891 2463 1263 2540 quumque
1301 2437 1381 2515 in
1433 2438 1984 2540 designatorum
2049 2436 2604 2537 magistratuum
2665 2435 3004 2513 examine
3066 2446 3587 2537 quaereretur,
3638 2437 3771 2514 Jo-

670 2597 935 2650 vemne
982 2573 1355 2654 Hel-cium
1419 2586 1496 2653 et
1561 2573 1978 2676 Apollinem
2041 2573 2406 2651 Patritum
2463 2575 2860 2669 baberent,
2929 2574 3248 2674 probare
3308 2597 3438 2649 eos
3500 2573 3774 2651 exami-

668 2708 1011 2790 nantibus
1060 2713 1440 2812 dabam
1488 2735 1762 2794 “caua
1798 2711 2064 2790 horum
2112 2710 2425 2789 deorum
2470 2736 2684 2789 sacra
2722 2709 2863 2786 sibi
2914 2719 3088 2785 nota
3131 2734 3454 2811 seseque
3494 2710 3589 2787 iis
3638 2710 3775 2788 ini·

668 2842 893 2924 tintos
940 2870 1137 2927 mse.
1240 2848 1461 2954 Quae
1506 2860 1756 2928 sutem
1805 2846 2088 2926 civibus
2141 2848 2477 2925 omnibus
2530 2842 2942 2925 communia
2976 2856 3208 2940 erant,
3253 2857 3329 2921 et
3372 2846 3468 2922 de
3511 2848 3773 2950 quibus

672 2982 861 3063 adeo
904 2983 984 3063 in
1020 2985 1319 3089 publico
1371 2985 1711 3068 examino
1746 2983 2391 3089 interrogabantur
2443 2997 2521 3063 et
2565 2983 3137 3085 respondebant,
3181 2983 3364 3060 baec
3417 3007 3563 3087 quo
3605 2984 3771 3064 iure

671 3147 940 3201 arcana
984 3122 1239 3202 vocari
1287 3123 1598 3228 possint,
1638 3147 1785 3201 non
1831 3122 2011 3201 ‘satis
2053 3122 2456 3225 perspicio.
2560 3123 2824 3224 Neque
2873 3120 3063 3198 enim
3111 3121 3252 3197 boc
3293 3121 3547 3199 dicere
3598 3124 3791 3201 lice--

670 3260 804 3358 bit,
856 3261 1092 3339 fixisse
1140 3272 1391 3339 certos
1445 3260 1798 3362 quosdam
1857 3259 2045 3338 ritus
2096 3260 2224 3339 uui
2280 3260 2548 3362 cuique
2601 3259 2854 3337 domui
2910 3282 2997 3333 ac
3057 3255 3372 3333 familiae
3430 3261 3772 3362 proprios

670 3409 753 3479 et
791 3380 869 3476 ib
921 3409 1185 3502 operto
1232 3397 1721 3501 peragendos,
1773 3395 2109 3475 omuibus
2149 3408 2422 3493 autem,
2474 3398 2601 3500 qui
2650 3422 2793 3476 non
2842 3394 3175 3473 eiusdem
3228 3394 3491 3471 domus
3541 3421 3629 3473 ac
3669 3399 3773 3474 fa-

671 3525 917 3609 mise
961 3527 1216 3605 essent
1260 3524 1580 3629 ignotos,
1630 3534 1850 3626 atque
1899 3523 2088 3601 haec
2136 3549 2307 3602 esse
2349 3524 2474 3602 illa
2514 3550 2806 3625 arcana,
2851 3531 3114 3630 quibus
3158 3556 3242 3607 se
3284 3530 3550 3608 iniatos
3603 3557 3774 3610 esse

676 3664 1142 3771 magistratus
1193 3660 1560 3764 designati
1598 3662 1920 3765 probare
1973 3661 2391 3739 debuerint.
2457 3662 2876 3767 Numquam
2926 3668 3119 3744 enim
3171 3668 3337 3744 fieri
3377 3670 3768 3770 potuisset,

677 3816 760 3879 ut
809 3801 907 3879 de
956 3800 1074 3879 bis
1116 3797 1402 3879 arcanis
1453 3797 1749 3901 publico
1812 3797 2153 3876 examine
2195 3798 2269 3875 in
2342 3813 2605 3878 senatu
2658 3802 3221 3906 quingentorum
3269 3818 3395 3882 aut
3448 3806 3524 3882 in
3582 3806 3771 3885 iudi-

676 3938 793 4016 cio
852 3937 1236 4017 beliastico
1302 3936 1901 4039 quaereretur¹⁴).
1957 3936 2409 4013 Dicemusne
2460 3937 2709 4040 igitur,
2758 3956 3048 4018 ceteras
3076 3942 3370 4043 quidem
3412 3944 3771 4023 examinis

672 4089 926 4180 partes
988 4074 1285 4178 publice
1348 4085 1427 4150 et
1481 4073 2002 4174 praesentibus
2069 4072 2406 4150 omnibus
2447 4066 2600 4151 ‘aut
2663 4081 3127 4156 senatoribus
3195 4090 3322 4156 aut
3397 4078 3769 4160 iudicibus

677 4215 987 4317 aliisque
1039 4209 1525 4304 auditoribus,
1573 4211 1763 4287 banc
1819 4221 2065 4288 autem
2116 4210 2210 4287 de
2265 4210 2500 4288 sacris
2554 4225 2850 4290 secreto
2903 4215 3307 4293 institutam
3361 4240 3535 4293 esse
3576 4219 3771 4296 inter

677 4378 956 4456 paucos
1031 4349 1385 4451 quosdam
1453 4346 1832 4444 conscios,
1897 4346 2262 4425 antistites
2333 4348 2651 4426 fortasse
2712 4376 3092 4430 sacrorum
3161 4363 3286 4430 aut
3361 4358 3774 4458 exegetas‘?

831 4542 937 4622 14)
978 4545 1152 4616 Quam
1231 4542 1503 4614 reiigiose
1553 4537 1937 4598 Athenienses
2015 4536 2307 4605 caverint,
2390 4549 2464 4598 ne
2524 4540 2654 4609 quid
2703 4540 2773 4601 (ie
2829 4544 3021 4602 saeris
3074 4542 3308 4603 nonnis
3369 4543 3774 4617 divulgaretur,

516 4716 519 4723 Α
677 4671 840 4731 qaum
881 4658 998 4716 aiia
1038 4652 1298 4728 exempla
1336 4650 1560 4720 docent,
1598 4648 1871 4720 tumquoci
1909 4650 1965 4707 io
2006 4647 2254 4718 iudiciis,
2294 4649 2346 4706 si
2393 4661 2608 4709 causae
2647 4650 2717 4709 ad
2757 4652 3033 4723 mysteria
3070 4651 3421 4728 pertinentes
3458 4653 3777 4714 tractaren-
