4775 6075
2163 593 2365 605 tus—.-

1029 739 1117 820 ld
1166 742 1461 844 quidem
1513 768 1657 820 non
1711 743 1926 833 facile
1980 761 2419 845 quemquam
2463 746 2981 847 probaturum.
3025 769 3194 820 esse
3225 745 3593 822 ‘arbitror
3630 746 3713 821 in
3773 743 4121 838 omnium}

1030 880 1156 982 qui
1205 881 1402 958 illius
1447 879 1805 958 examinis
1859 881 2376 978 meminerunt,
2428 882 2875 983 scriptorum
2929 881 3358 984 silentio¹⁶).
3460 887 3579 961 An
3635 883 3778 960 hoc
3831 882 4119 983 potiusz

1033 1017 1316 1095 civibus
1362 1018 1657 1119 quidem
1713 1018 2049 1095 omnibus
2106 1043 2195 1095 ea
2247 1043 2463 1096 sacra
2513 1029 2725 1114 nota,
2805 1019 3087 1096 ceteris
3145 1032 3393 1096 autem
3444 1020 3734 1120 ignota,
3798 1019 4120 1118 ideoque

1035 1155 1389 1244 hactenus
1439 1157 1695 1232 saltem
1751 1180 2017 1232 arcana
2069 1132 2359 1232 fuisse?
2419 1156 3017 1232 Consentaneum
3068 1171 3185 1233 est
3219 1155 3495 1257 igitur,
3560 1162 3647 1234 ut'
3711 1155 3953 1256 aliqua
4007 1178 4113 1229 ra·

1036 1292 1237 1368 tione
1290 1292 1665 1394 provisum
1727 1319 1896 1370 esse
1948 1305 2294 1396 putetur,
2354 1319 2449 1370 ne
2503 1318 2648 1395 qua
2701 1318 2958 1370 eorum
3012 1292 3270 1370 notitia
3317 1293 3675 1396 divulgari
3729 1294 3943 1370 etad
3991 1317 4119 1369 ex-

1034 1441 1262 1526 teros,
1291 1455 1552 1506 servos
1596 1446 1723 1507 aut
1753 1430 2217 1533 peregrinos,
2260 1431 2640 1508 dimanare
2677 1443 2959 1532 posset.
2981 1431 3135 1507 Sed
3161 1431 3336 1508 nihil
3364 1430 3741 1508 eiusmodi
3761 1443 3887 1508 aut
3914 1428 4121 1507 testi'·

1032 1566 1276 1643 monio
1320 1569 1467 1644 ullo
1501 1580 1629 1645 aut
1705 1568 1978 1644 indicio
2024 1567 2321 1669 probari
2353 1568 2653 1670 poterit.
2719 1568 3085 1645 Audimus
3111 1568 3325 1647 ,lovis
3361 1570 3625 1646 Hercii
3652 1580 3730 1645 et
3757 1564 4119 1684 Apollinis

1030 1703 1300 1781 Patriti
1354 1729 1567 1781 sacra
1613 1704 1894 1782 civibus
1936 1705 2239 1807 propria
2288 1706 2627 1806 adeoque
2674 1730 2838 1782 cum
2880 1706 3046 1806 ipsa
3096 1706 3394 1784 civitate
3448 1706 3835 1784 coniuncta
3884 1703 4118 1781 fuisse

1028 1854 1146 1936 ut,
1195 1841 1320 1942 qui
1362 1867 1454 1918 ea
1492 1867 1638 1918 nou
1692 1845 2009 1939 coleret,
2066 1843 2210 1920 hoc
2250 1842 2419 1944 ipso
2476 1841 2693 1919 etiam
2757 1841 3073 1920 civitatis
3142 1869 3418 1945 expers
3485 1870 3655 1920 esse
3700 1842 4119 1919 videreturx

1028 1979 1304 2056 scimus
1369 1982 1610 2057 locum
1665 2004 1923 2056 eorum
1979 1980 2055 2056 in
2116 1980 2567 2082 privatorum
2630 1980 2970 2057 domibus
3031 1981 3263 2058 fuisse
3329 1983 3449 2059 vel
3499 1982 3575 2059 in
3644 1983 3814 2058 aula
3863 1981 3979 2057 vel
4035 1978 4112 2054 iu

1029 2117 1546 2218 aliqua‘parte
1609 2117 1942 2195 aedium=
2007 2118 2512 2195 administrata
2585 2143 2756 2194 esse
2823 2120 3315 2219 comperimus
3370 2122 3461 2196 ab
3527 2118 3711 2221 ipsis
3781 2118 4113 2219 patribus

1026 2254 1375 2350 familias,
1441 2256 1567 2357 qui
1619 2255 1730 2332 sic
1782 2257 1992 2357 quasi
2053 2255 2474 2333 sacerdotio
2529 2256 2845 2358 quodam
2898 2255 3186 2357 privato
3251 2268 3330 2332 et
3392 2256 3800 2333 domestico
3860 2256 4114 2356 funge-

1025 2402 1305 2468 rentur.
1411 2392 1566 2469 Sed
1619 2417 1886 2469 arcana
1936 2394 2122 2469 haec
2173 2416 2390 2470 secra
2450 2391 2685 2469 fuisse
2732 2392 2807 2467 h.
2861 2418 2930 2468 e.
2976 2392 3185 2488 talia,
3251 2393 3517 2493 quibus
3586 2393 3803 2470 etiam
3872 2403 4113 2483 extra-

1023 2552 1207 2604 neos
1257 2530 1548 2626 adesse,
1599 2540 1727 2607 aut
1767 2555 2079 2632 quorum
2109 2529 2298 2606 ritus
2355 2554 2443 2606 ac
2495 2527 2980 2605 caerimonias
3024 2531 3115 2605 ab
3162 2530 3537 2606 extraneis
3590 2532 3935 2631 cognosci
3985 2555 4110 2606 ne-

1022 2665 1133 2741 fas
1181 2676 1258 2742 et
1293 2665 1533 2767 aliqua
1580 2668 1745 2770 lege
1793 2666 2271 2744 interdictum
2321 2676 2551 2761 esset,
2600 2665 2678 2742 id
2730 2690 2912 2743 vero
2962 2690 3206 2766 neque
3257 2667 3596 2753 audimus
3643 2691 3686 2742 a
3712 2658 4109 2759 veteribus,

1021 2828 1265 2903 neque
1317 2829 1361 2880 a
1405 2805 1844 2882 Petersenio
1891 2807 2279 2906 probatum
2337 2803 2700 2882 videmus.
2805 2802 3217 2881 Nonnullos
3269 2804 3564 2906 quidem
3621 2805 3733 2882 sic
3798 2818 3926 2882 aut
3988 2830 4108 2881 su-

1018 2941 1487 3043 perstitiosos
1549 2955 1675 3019 aut
1739 2968 2077 3019 morosos
2140 2941 2374 3018 fuisse
2439 2939 2851 3036 credimus,
2918 2951 2998 3017 ut
3061 2941 3427 3021 neminem
3496 2954 3797 3044 praeter
3862 2942 4110 3044 proxi-

1022 3106 1182 3158 mos
1237 3093 1313 3157 et
1356 3081 1778 3158 carissimos
1828 3083 1921 3158 ad
1977 3092 2182 3158 certa
2234 3080 2613 3182 quaedam·
2646 3103 2858 3155 sacra
2912 3080 3319 3159 domestica
3360 3081 3871 3179 admitterent,
3936 3107 4107 3184 que.-

1015 3221 1160 3296 lem
1206 3218 1554 3295 Cironem
1599 3217 1800 3295 illum
1845 3218 2078 3296 fuisse
2130 3217 2509 3317 audimus,
2555 3241 2811 3317 quem,
2856 3242 3079 3317 quum
3113 3218 3291 3298 Jovi
3341 3222 3587 3310 Κιησίῳ
3625 3221 4105 3315 sacrificaret,

1019 3357 1216 3432 solos
1283 3370 1596 3456 nepotes
1649 3382 1852 3453 suos,
1899 3357 2034 3434 sed
2078 3371 2379 3459 praeter
2440 3361 2576 3437 hos
2630 3362 2994 3438 nemiuem
3056 3384 3195 3438 nec
3248 3382 3545 3436 servum
3600 3384 3739 3435 nec
3786 3358 4098 3435 liberum

1016 3492 1403 3571 admisisse
1477 3494 1736 3570 isaeus
1837 3506 2108 3574 narrat.
2237 3497 2394 3574 Sed
2461 3498 3020 3599 haudquaquam
3097 3523 3355 3574 omnes
3434 3495 3729 3574 Cironis
3826 3486 4100 3571 similes

1014 3635 1248 3712 fuisse
1300 3657 1398 3708 ex
1448 3631 1610 3733 ipsa
1641 3632 1839 3708 Isaei
1890 3632 2325 3709 narratione
2363 3635 2827 3713 manifestum
2872 3650 3009 3732 est,
3055 3636 3421 3737 vulgoque
3470 3633 3686 3711 Jovis
3716 3632 3949 3732 Ctesii
3991 3657 4100 3707 sa-

1017 3771 1163 3850 cris
1217 3769 1436 3847 etiam
1487 3792 1746 3843 servos
1808 3793 1956 3844 non
2020 3772 2263 3847 arceri
2320 3773 2578 3850 solitos
2643 3775 2762 3850 vel
2815 3772 3173 3875 Aeschyli
3227 3773 3820 3876 Clytaemnestra
3881 3770 4097 3849 testis

1012 4192 1129 4262 tur,
1175 4186 1432 4247 initiatos
1479 4188 1692 4245 tantum
1749 4186 1969 4245 iudices
2023 4185 2231 4246 sedere
2280 4186 2519 4256 licebat,
2570 4200 2752 4258 neque
2797 4188 3088 4274 auditores
3137 4188 3599 4259 admntcbantur,
3657 4201 3730 4248 ne
3784 4191 3909 4260 quis
3948 4188 4096 4247 rorte

1013 4293 1465 4367 ἆνεπόπτευτος
1512 4297 1766 4368 audiret,
1818 4296 1962 4368 quod
2012 4296 2082 4354 ab
2123 4297 2364 4356 tutunus
2410 4298 2625 4357 tantum
2673 4297 2857 4357 audiri
2893 4300 2988 4357 ras
3041 4298 3223 4358 esset.
3315 4297 3404 4358 Cr,
3443 4297 3555 4358 Jnl.
3594 4298 3735 4358 Poll.
3773 4296 3922 4370 vul,
3970 4293 4093 4359 ¹23.

1009 4413 1128 4474 Att.
1167 4412 1332 4471 Proc.
1413 4449 1431 4468 .
1474 4406 1606 4468 149.

1163 4501 1274 4603 15)
1315 4423 1664 4594 sgrnptomm
1703 4519 1867 4602 locos
1906 4526 2104 4578 omnes
2141 4518 2604 4577 commemoravit
2642 4517 2908 4592 Meletos,
2956 4520 3068 4580 Λα.
3108 4520 3274 4581 Proc.
3311 4536 3366 4597 p.
3398 4510 3740 4582 202‘-²07.
