<?xml version="1.0" encoding="UTF-8"?>
<!DOCTYPE html PUBLIC "-//W3C//DTD XHTML 1.0 Transitional//EN"
    "http://www.w3.org/TR/xhtml1/DTD/xhtml1-transitional.dtd">
<html xmlns="http://www.w3.org/1999/xhtml" xml:lang="en" lang="en">
 <head>
  <title>
</title>
<meta http-equiv="Content-Type" content="text/html;charset=utf-8" />
  <meta name='ocr-system' content='tesseract 3.04.00' />
  <meta name='ocr-capabilities' content='ocr_page ocr_carea ocr_par ocr_line ocrx_word'/>
</head>
<body>
  <div class='ocr_page' id='page_1' title='image "./prolusiodecrati00schgoog_0010.png"; bbox 0 0 4775 6075; ppageno 0'>
   <div class='ocr_carea' id='block_1_1' title="bbox 988 516 4247 4164">
    <p class='ocr_par' dir='ltr' id='par_1_1' title="bbox 2513 516 2968 637">
     <span class='ocr_line' id='line_1_1' title="bbox 2513 516 2968 637; baseline 0 0"><span class='ocrx_word' id='word_1_1' title='bbox 2513 516 2599 600; x_wconf 45' lang='grc'><strong>6.</strong></span> <span class='ocrx_word' id='word_1_2' title='bbox 2771 625 2968 637; x_wconf 73' lang='grc'><strong>...-..-.</strong></span> 
     </span>
    </p>

    <p class='ocr_par' dir='ltr' id='par_1_2' title="bbox 988 769 4114 2107">
     <span class='ocr_line' id='line_1_2' title="bbox 988 769 4093 874; baseline 0.001 -26"><span class='ocrx_word' id='word_1_3' title='bbox 988 772 1279 848; x_wconf 79' lang='lat' dir='ltr'><strong>nomine</strong></span> <span class='ocrx_word' id='word_1_4' title='bbox 1327 796 1368 847; x_wconf 89' lang='lat' dir='ltr'><strong>a</strong></span> <span class='ocrx_word' id='word_1_5' title='bbox 1422 772 1774 849; x_wconf 88' lang='lat' dir='ltr'><strong>calicibus</strong></span> <span class='ocrx_word' id='word_1_6' title='bbox 1818 771 2092 868; x_wconf 89' lang='lat' dir='ltr'><strong>indito,</strong></span> <span class='ocrx_word' id='word_1_7' title='bbox 2150 798 2341 874; x_wconf 85' lang='lat' dir='ltr'><strong>quos</strong></span> <span class='ocrx_word' id='word_1_8' title='bbox 2397 773 2683 850; x_wconf 87' lang='lat' dir='ltr'><strong>siccare</strong></span> <span class='ocrx_word' id='word_1_9' title='bbox 2750 772 2827 850; x_wconf 92' lang='lat' dir='ltr'><strong>in</strong></span> <span class='ocrx_word' id='word_1_10' title='bbox 2879 771 3378 858; x_wconf 83' lang='lat' dir='ltr'><strong>conventibus·</strong></span> <span class='ocrx_word' id='word_1_11' title='bbox 3399 769 3561 848; x_wconf 82' lang='lat' dir='ltr'><strong>suis</strong></span> <span class='ocrx_word' id='word_1_12' title='bbox 3611 769 3928 873; x_wconf 82' lang='lat' dir='ltr'><strong>impigre</strong></span> <span class='ocrx_word' id='word_1_13' title='bbox 3975 797 4093 850; x_wconf 88' lang='lat' dir='ltr'><strong>so-</strong></span> 
     </span>
     <span class='ocr_line' id='line_1_3' title="bbox 995 908 4097 1011; baseline 0 -26"><span class='ocrx_word' id='word_1_14' title='bbox 995 912 1264 1006; x_wconf 79' lang='lat' dir='ltr'><strong>lebant,</strong></span> <span class='ocrx_word' id='word_1_15' title='bbox 1319 909 1525 1011; x_wconf 89' lang='lat' dir='ltr'><strong>quasi</strong></span> <span class='ocrx_word' id='word_1_16' title='bbox 1571 910 1966 986; x_wconf 80' lang='lat' dir='ltr'><strong>vernacule</strong></span> <span class='ocrx_word' id='word_1_17' title='bbox 2005 908 2211 986; x_wconf 88' lang='lat' dir='ltr'><strong>dicas</strong></span> <span class='ocrx_word' id='word_1_18' title='bbox 2261 910 2421 988; x_wconf 89' lang='lat' dir='ltr'><strong>die</strong></span> <span class='ocrx_word' id='word_1_19' title='bbox 2470 909 2938 988; x_wconf 87' lang='lat' dir='ltr'><strong>Becherei</strong></span> <span class='ocrx_word' id='word_1_20' title='bbox 2982 909 3141 986; x_wconf 79' lang='lat' dir='ltr'><strong>sive</strong></span> <span class='ocrx_word' id='word_1_21' title='bbox 3194 909 3351 986; x_wconf 90' lang='lat' dir='ltr'><strong>das</strong></span> <span class='ocrx_word' id='word_1_22' title='bbox 3399 908 4097 986; x_wconf 69' lang='lat' dir='ltr'><strong>Becherkranz-</strong></span> 
     </span>
     <span class='ocr_line' id='line_1_4' title="bbox 994 1045 4114 1147; baseline 0 -25"><span class='ocrx_word' id='word_1_23' title='bbox 994 1049 1245 1124; x_wconf 88' lang='lat' dir='ltr'><strong>chen.</strong></span> <span class='ocrx_word' id='word_1_24' title='bbox 1350 1047 1578 1124; x_wconf 85' lang='lat' dir='ltr'><strong>Certe</strong></span> <span class='ocrx_word' id='word_1_25' title='bbox 1612 1071 1757 1122; x_wconf 90' lang='lat' dir='ltr'><strong>non</strong></span> <span class='ocrx_word' id='word_1_26' title='bbox 1813 1046 2051 1122; x_wconf 89' lang='lat' dir='ltr'><strong>minus</strong></span> <span class='ocrx_word' id='word_1_27' title='bbox 2094 1057 2345 1147; x_wconf 87' lang='lat' dir='ltr'><strong>aptum</strong></span> <span class='ocrx_word' id='word_1_28' title='bbox 2388 1048 2534 1124; x_wconf 91' lang='lat' dir='ltr'><strong>hoc</strong></span> <span class='ocrx_word' id='word_1_29' title='bbox 2570 1070 2838 1124; x_wconf 90' lang='lat' dir='ltr'><strong>nomen</strong></span> <span class='ocrx_word' id='word_1_30' title='bbox 2887 1045 3355 1141; x_wconf 87' lang='lat' dir='ltr'><strong>iudicabitur,</strong></span> <span class='ocrx_word' id='word_1_31' title='bbox 3391 1070 3607 1146; x_wconf 89' lang='lat' dir='ltr'><strong>quam</strong></span> <span class='ocrx_word' id='word_1_32' title='bbox 3653 1070 3800 1146; x_wconf 90' lang='lat' dir='ltr'><strong>quo</strong></span> <span class='ocrx_word' id='word_1_33' title='bbox 3845 1046 4114 1123; x_wconf 59' lang='lat' dir='ltr'><strong>Hero-0</strong></span> 
     </span>
     <span class='ocr_line' id='line_1_5' title="bbox 993 1182 4096 1285; baseline 0 -25"><span class='ocrx_word' id='word_1_34' title='bbox 993 1185 1108 1260; x_wconf 91' lang='lat' dir='ltr'><strong>dis</strong></span> <span class='ocrx_word' id='word_1_35' title='bbox 1163 1184 1390 1260; x_wconf 88' lang='lat' dir='ltr'><strong>Attici</strong></span> <span class='ocrx_word' id='word_1_36' title='bbox 1445 1195 1685 1259; x_wconf 82' lang='lat' dir='ltr'><strong>aetate</strong></span> <span class='ocrx_word' id='word_1_37' title='bbox 1731 1183 2047 1259; x_wconf 78' lang='lat' dir='ltr'><strong>studiosi</strong></span> <span class='ocrx_word' id='word_1_38' title='bbox 2103 1184 2619 1261; x_wconf 79' lang='lat' dir='ltr'><strong>adolescentes</strong></span> <span class='ocrx_word' id='word_1_39' title='bbox 2676 1209 2719 1260; x_wconf 92' lang='lat' dir='ltr'><strong>a</strong></span> <span class='ocrx_word' id='word_1_40' title='bbox 2771 1184 3206 1285; x_wconf 75' lang='lat' dir='ltr'><strong>clepsydra,</strong></span> <span class='ocrx_word' id='word_1_41' title='bbox 3255 1182 3365 1260; x_wconf 83' lang='lat' dir='ltr'><strong>ad</strong></span> <span class='ocrx_word' id='word_1_42' title='bbox 3420 1207 3634 1283; x_wconf 88' lang='lat' dir='ltr'><strong>quam</strong></span> <span class='ocrx_word' id='word_1_43' title='bbox 3682 1183 4096 1262; x_wconf 77' lang='lat' dir='ltr'><strong>declamare</strong></span> 
     </span>
     <span class='ocr_line' id='line_1_6' title="bbox 996 1319 4099 1423; baseline 0 -26"><span class='ocrx_word' id='word_1_44' title='bbox 996 1324 1368 1416; x_wconf 86' lang='lat' dir='ltr'><strong>solebant,</strong></span> <span class='ocrx_word' id='word_1_45' title='bbox 1436 1320 1864 1398; x_wconf 84' lang='lat' dir='ltr'><strong>sodalicium</strong></span> <span class='ocrx_word' id='word_1_46' title='bbox 1937 1345 2152 1396; x_wconf 88' lang='lat' dir='ltr'><strong>suum</strong></span> <span class='ocrx_word' id='word_1_47' title='bbox 2218 1319 2853 1423; x_wconf 84' lang='lat' dir='ltr'><strong>clepsydrium</strong></span> <span class='ocrx_word' id='word_1_48' title='bbox 2923 1320 3393 1421; x_wconf 74' lang='lat' dir='ltr'><strong>vocarunt0),</strong></span> <span class='ocrx_word' id='word_1_49' title='bbox 3456 1332 3583 1396; x_wconf 91' lang='lat' dir='ltr'><strong>aut</strong></span> <span class='ocrx_word' id='word_1_50' title='bbox 3637 1320 3780 1397; x_wconf 87' lang='lat' dir='ltr'><strong>hoc</strong></span> <span class='ocrx_word' id='word_1_51' title='bbox 3841 1336 4099 1398; x_wconf 84' lang='lat' dir='ltr'><strong>nostro</strong></span> 
     </span>
     <span class='ocr_line' id='line_1_7' title="bbox 994 1456 4101 1560; baseline 0 -26"><span class='ocrx_word' id='word_1_52' title='bbox 994 1474 1328 1560; x_wconf 86' lang='lat' dir='ltr'><strong>tempore</strong></span> <span class='ocrx_word' id='word_1_53' title='bbox 1382 1459 1748 1559; x_wconf 89' lang='lat' dir='ltr'><strong>pictorum</strong></span> <span class='ocrx_word' id='word_1_54' title='bbox 1806 1457 2634 1558; x_wconf 80' lang='lat' dir='ltr'><strong>Diisseldorpiensium,</strong></span> <span class='ocrx_word' id='word_1_55' title='bbox 2689 1456 3075 1534; x_wconf 83' lang='lat' dir='ltr'><strong>hilaritatis</strong></span> <span class='ocrx_word' id='word_1_56' title='bbox 3129 1482 3218 1534; x_wconf 91' lang='lat' dir='ltr'><strong>ac</strong></span> <span class='ocrx_word' id='word_1_57' title='bbox 3281 1457 3614 1534; x_wconf 91' lang='lat' dir='ltr'><strong>iocorum</strong></span> <span class='ocrx_word' id='word_1_58' title='bbox 3683 1457 4101 1553; x_wconf 89' lang='lat' dir='ltr'><strong>amantium,</strong></span> 
     </span>
     <span class='ocr_line' id='line_1_8' title="bbox 998 1594 4102 1697; baseline 0 -26"><span class='ocrx_word' id='word_1_59' title='bbox 998 1597 1348 1674; x_wconf 87' lang='lat' dir='ltr'><strong>sodalitas</strong></span> <span class='ocrx_word' id='word_1_60' title='bbox 1424 1598 1512 1671; x_wconf 89' lang='lat' dir='ltr'><strong>ab</strong></span> <span class='ocrx_word' id='word_1_61' title='bbox 1580 1594 1761 1670; x_wconf 87' lang='lat' dir='ltr'><strong>artis</strong></span> <span class='ocrx_word' id='word_1_62' title='bbox 1828 1619 2043 1695; x_wconf 90' lang='lat' dir='ltr'><strong>quam</strong></span> <span class='ocrx_word' id='word_1_63' title='bbox 2108 1596 2442 1684; x_wconf 75' lang='lat' dir='ltr'><strong>factitant</strong></span> <span class='ocrx_word' id='word_1_64' title='bbox 2513 1595 3005 1671; x_wconf 89' lang='lat' dir='ltr'><strong>instrumento</strong></span> <span class='ocrx_word' id='word_1_65' title='bbox 3065 1596 3477 1697; x_wconf 88' lang='lat' dir='ltr'><strong>appellatur</strong></span> <span class='ocrx_word' id='word_1_66' title='bbox 3546 1596 3711 1671; x_wconf 92' lang='lat' dir='ltr'><strong>der</strong></span> <span class='ocrx_word' id='word_1_67' title='bbox 3770 1596 4102 1680; x_wconf 66' lang='lat' dir='ltr'><strong>Malkae</strong></span> 
     </span>
     <span class='ocr_line' id='line_1_9' title="bbox 996 1731 4105 1835; baseline 0 -26"><span class='ocrx_word' id='word_1_68' title='bbox 996 1747 1226 1809; x_wconf 88' lang='lat' dir='ltr'><strong>sten.</strong></span> <span class='ocrx_word' id='word_1_69' title='bbox 1281 1735 1747 1834; x_wconf 78' lang='lat' dir='ltr'><strong>Quamquam</strong></span> <span class='ocrx_word' id='word_1_70' title='bbox 1775 1731 2026 1808; x_wconf 85' lang='lat' dir='ltr'><strong>Attico</strong></span> <span class='ocrx_word' id='word_1_71' title='bbox 2079 1732 2204 1809; x_wconf 89' lang='lat' dir='ltr'><strong>isti</strong></span> <span class='ocrx_word' id='word_1_72' title='bbox 2252 1738 2584 1825; x_wconf 69' lang='grc' dir='ltr'><strong><em>κυλικείῳ,</em></strong></span> <span class='ocrx_word' id='word_1_73' title='bbox 2634 1732 2699 1808; x_wconf 90' lang='lat' dir='ltr'><strong>si</strong></span> <span class='ocrx_word' id='word_1_74' title='bbox 2749 1742 3139 1832; x_wconf 88' lang='lat' dir='ltr'><strong>patronum</strong></span> <span class='ocrx_word' id='word_1_75' title='bbox 3195 1732 3510 1832; x_wconf 90' lang='lat' dir='ltr'><strong>aliquem</strong></span> <span class='ocrx_word' id='word_1_76' title='bbox 3565 1743 3785 1834; x_wconf 87' lang='lat' dir='ltr'><strong>atque</strong></span> <span class='ocrx_word' id='word_1_77' title='bbox 3826 1758 4105 1835; x_wconf 87' lang='lat' dir='ltr'><strong>epony-</strong></span> 
     </span>
     <span class='ocr_line' id='line_1_10' title="bbox 993 1867 4104 1973; baseline 0.001 -28"><span class='ocrx_word' id='word_1_78' title='bbox 993 1897 1190 1947; x_wconf 88' lang='lat' dir='ltr'><strong>mum</strong></span> <span class='ocrx_word' id='word_1_79' title='bbox 1232 1872 1535 1945; x_wconf 89' lang='lat' dir='ltr'><strong>heroem</strong></span> <span class='ocrx_word' id='word_1_80' title='bbox 1585 1881 2054 1968; x_wconf 86' lang='lat' dir='ltr'><strong>quaererent,</strong></span> <span class='ocrx_word' id='word_1_81' title='bbox 2103 1870 2566 1973; x_wconf 83' lang='lat' dir='ltr'><strong>inpromptu</strong></span> <span class='ocrx_word' id='word_1_82' title='bbox 2612 1881 2774 1945; x_wconf 84' lang='lat' dir='ltr'><strong>erat</strong></span> <span class='ocrx_word' id='word_1_83' title='bbox 2798 1869 3211 1970; x_wconf 83' lang='lat' dir='ltr'><strong>Cylicem</strong></span> <span class='ocrx_word' id='word_1_84' title='bbox 3264 1867 3404 1944; x_wconf 89' lang='lat' dir='ltr'><strong>sibi</strong></span> <span class='ocrx_word' id='word_1_85' title='bbox 3438 1868 3836 1965; x_wconf 87' lang='lat' dir='ltr'><strong>asciscere,</strong></span> <span class='ocrx_word' id='word_1_86' title='bbox 3885 1895 4104 1971; x_wconf 92' lang='lat' dir='ltr'><strong>quem</strong></span> 
     </span>
     <span class='ocr_line' id='line_1_11' title="bbox 998 2004 3508 2107; baseline 0 -24"><span class='ocrx_word' id='word_1_87' title='bbox 998 2007 1318 2084; x_wconf 87' lang='lat' dir='ltr'><strong>Herculi</strong></span> <span class='ocrx_word' id='word_1_88' title='bbox 1365 2006 1729 2106; x_wconf 88' lang='lat' dir='ltr'><strong>quondam</strong></span> <span class='ocrx_word' id='word_1_89' title='bbox 1785 2006 2123 2083; x_wconf 88' lang='lat' dir='ltr'><strong>comitem</strong></span> <span class='ocrx_word' id='word_1_90' title='bbox 2177 2007 2411 2086; x_wconf 80' lang='lat' dir='ltr'><strong>fuisse</strong></span> <span class='ocrx_word' id='word_1_91' title='bbox 2456 2007 2904 2082; x_wconf 81' lang='lat' dir='ltr'><strong>fabulatores</strong></span> <span class='ocrx_word' id='word_1_92' title='bbox 2948 2004 3508 2107; x_wconf 87' lang='lat' dir='ltr'><strong>affirmabant⁷).</strong></span> 
     </span>
    </p>

    <p class='ocr_par' dir='ltr' id='par_1_3' title="bbox 995 2141 4247 4164">
     <span class='ocr_line' id='line_1_12' title="bbox 1328 2141 4106 2243; baseline 0.001 -27"><span class='ocrx_word' id='word_1_93' title='bbox 1328 2151 1436 2217; x_wconf 92' lang='lat' dir='ltr'><strong>De</strong></span> <span class='ocrx_word' id='word_1_94' title='bbox 1488 2142 1860 2218; x_wconf 89' lang='lat' dir='ltr'><strong>locutione</strong></span> <span class='ocrx_word' id='word_1_95' title='bbox 1903 2148 1984 2217; x_wconf 71' lang='grc' dir='ltr'><strong>σὰ</strong></span> <span class='ocrx_word' id='word_1_96' title='bbox 2024 2152 2167 2233; x_wconf 63' lang='grc' dir='ltr'><strong>τέλη</strong></span> <span class='ocrx_word' id='word_1_97' title='bbox 2207 2150 2384 2236; x_wconf 56' lang='lat' dir='ltr'><strong>nm,</strong></span> <span class='ocrx_word' id='word_1_98' title='bbox 2431 2168 2621 2243; x_wconf 92' lang='lat' dir='ltr'><strong>quae</strong></span> <span class='ocrx_word' id='word_1_99' title='bbox 2670 2153 3048 2243; x_wconf 88' lang='lat' dir='ltr'><strong>postrema</strong></span> <span class='ocrx_word' id='word_1_100' title='bbox 3100 2153 3217 2218; x_wconf 90' lang='lat' dir='ltr'><strong>est</strong></span> <span class='ocrx_word' id='word_1_101' title='bbox 3277 2141 3351 2218; x_wconf 91' lang='lat' dir='ltr'><strong>in</strong></span> <span class='ocrx_word' id='word_1_102' title='bbox 3407 2141 3689 2218; x_wconf 86' lang='lat' dir='ltr'><strong>Cratini</strong></span> <span class='ocrx_word' id='word_1_103' title='bbox 3743 2144 4106 2239; x_wconf 84' lang='lat' dir='ltr'><strong>versibus,</strong></span> 
     </span>
     <span class='ocr_line' id='line_1_13' title="bbox 1000 2278 4106 2382; baseline 0.001 -26"><span class='ocrx_word' id='word_1_104' title='bbox 1000 2305 1238 2382; x_wconf 89' lang='lat' dir='ltr'><strong>nuper</strong></span> <span class='ocrx_word' id='word_1_105' title='bbox 1303 2281 1595 2357; x_wconf 90' lang='lat' dir='ltr'><strong>demum</strong></span> <span class='ocrx_word' id='word_1_106' title='bbox 1663 2278 2243 2356; x_wconf 83' lang='lat' dir='ltr'><strong>controversiam</strong></span> <span class='ocrx_word' id='word_1_107' title='bbox 2306 2280 2537 2356; x_wconf 82' lang='lat' dir='ltr'><strong>movit</strong></span> <span class='ocrx_word' id='word_1_108' title='bbox 2599 2280 2712 2356; x_wconf 83' lang='lat' dir='ltr'><strong>vir</strong></span> <span class='ocrx_word' id='word_1_109' title='bbox 2779 2278 3254 2356; x_wconf 89' lang='lat' dir='ltr'><strong>doctissimus</strong></span> <span class='ocrx_word' id='word_1_110' title='bbox 3323 2290 3400 2355; x_wconf 95' lang='lat' dir='ltr'><strong>et</strong></span> <span class='ocrx_word' id='word_1_111' title='bbox 3460 2279 3538 2354; x_wconf 89' lang='lat' dir='ltr'><strong>in</strong></span> <span class='ocrx_word' id='word_1_112' title='bbox 3577 2279 4106 2381; x_wconf 76' lang='lat' dir='ltr'><strong>&#39;antiquitatum</strong></span> 
     </span>
     <span class='ocr_line' id='line_1_14' title="bbox 997 2415 4109 2519; baseline 0.001 -25"><span class='ocrx_word' id='word_1_113' title='bbox 997 2443 1428 2519; x_wconf 79' lang='lat' dir='ltr'><strong>graecarum</strong></span> <span class='ocrx_word' id='word_1_114' title='bbox 1488 2415 1905 2517; x_wconf 76' lang='lat' dir='ltr'><strong>cognitione</strong></span> <span class='ocrx_word' id='word_1_115' title='bbox 1969 2426 2275 2492; x_wconf 86' lang='lat' dir='ltr'><strong>strenue</strong></span> <span class='ocrx_word' id='word_1_116' title='bbox 2314 2427 2694 2512; x_wconf 78' lang='lat' dir='ltr'><strong>versatus,</strong></span> <span class='ocrx_word' id='word_1_117' title='bbox 2750 2415 3218 2493; x_wconf 86' lang='lat' dir='ltr'><strong>Christianus</strong></span> <span class='ocrx_word' id='word_1_118' title='bbox 3259 2417 3667 2513; x_wconf 87' lang='lat' dir='ltr'><strong>Petersen,</strong></span> <span class='ocrx_word' id='word_1_119' title='bbox 3735 2417 3947 2496; x_wconf 89' lang='lat' dir='ltr'><strong>cuius</strong></span> <span class='ocrx_word' id='word_1_120' title='bbox 3998 2420 4109 2497; x_wconf 90' lang='lat' dir='ltr'><strong>iu-</strong></span> 
     </span>
     <span class='ocr_line' id='line_1_15' title="bbox 1002 2552 4110 2656; baseline 0.001 -24"><span class='ocrx_word' id='word_1_121' title='bbox 1002 2557 1276 2632; x_wconf 90' lang='lat' dir='ltr'><strong>dicium</strong></span> <span class='ocrx_word' id='word_1_122' title='bbox 1323 2581 1469 2656; x_wconf 88' lang='lat' dir='ltr'><strong>quo</strong></span> <span class='ocrx_word' id='word_1_123' title='bbox 1511 2552 1744 2655; x_wconf 90' lang='lat' dir='ltr'><strong>pluris</strong></span> <span class='ocrx_word' id='word_1_124' title='bbox 1788 2552 2006 2648; x_wconf 81' lang='lat' dir='ltr'><strong>facio,</strong></span> <span class='ocrx_word' id='word_1_125' title='bbox 2058 2563 2259 2629; x_wconf 87' lang='lat' dir='ltr'><strong>tanto</strong></span> <span class='ocrx_word' id='word_1_126' title='bbox 2308 2554 2540 2655; x_wconf 79' lang='lat' dir='ltr'><strong>magis</strong></span> <span class='ocrx_word' id='word_1_127' title='bbox 2589 2553 2994 2631; x_wconf 87' lang='lat' dir='ltr'><strong>cavendum</strong></span> <span class='ocrx_word' id='word_1_128' title='bbox 3047 2563 3202 2650; x_wconf 90' lang='lat' dir='ltr'><strong>est,</strong></span> <span class='ocrx_word' id='word_1_129' title='bbox 3253 2578 3384 2647; x_wconf 89' lang='lat' dir='ltr'><strong>ne,</strong></span> <span class='ocrx_word' id='word_1_130' title='bbox 3439 2580 3661 2655; x_wconf 91' lang='lat' dir='ltr'><strong>quum</strong></span> <span class='ocrx_word' id='word_1_131' title='bbox 3714 2554 4110 2635; x_wconf 88' lang='lat' dir='ltr'><strong>dissentire</strong></span> 
     </span>
     <span class='ocr_line' id='line_1_16' title="bbox 1001 2689 4116 2793; baseline -0.001 -19"><span class='ocrx_word' id='word_1_132' title='bbox 1001 2720 1119 2774; x_wconf 90' lang='lat' dir='ltr'><strong>me</strong></span> <span class='ocrx_word' id='word_1_133' title='bbox 1173 2695 1263 2769; x_wconf 88' lang='lat' dir='ltr'><strong>ab</strong></span> <span class='ocrx_word' id='word_1_134' title='bbox 1317 2716 1407 2768; x_wconf 88' lang='lat' dir='ltr'><strong>eo</strong></span> <span class='ocrx_word' id='word_1_135' title='bbox 1453 2690 1834 2793; x_wconf 86' lang='lat' dir='ltr'><strong>profitear,</strong></span> <span class='ocrx_word' id='word_1_136' title='bbox 1888 2714 2033 2766; x_wconf 92' lang='lat' dir='ltr'><strong>non</strong></span> <span class='ocrx_word' id='word_1_137' title='bbox 2086 2689 2265 2766; x_wconf 90' lang='lat' dir='ltr'><strong>satis</strong></span> <span class='ocrx_word' id='word_1_138' title='bbox 2307 2715 2576 2791; x_wconf 77' lang='lat' dir='ltr'><strong>graves</strong></span> <span class='ocrx_word' id='word_1_139' title='bbox 2619 2690 3106 2768; x_wconf 88' lang='lat' dir='ltr'><strong>dissentiendi</strong></span> <span class='ocrx_word' id='word_1_140' title='bbox 3148 2714 3412 2768; x_wconf 87' lang='lat' dir='ltr'><strong>causas</strong></span> <span class='ocrx_word' id='word_1_141' title='bbox 3467 2690 3812 2769; x_wconf 84' lang='lat' dir='ltr'><strong>habuisse</strong></span> <span class='ocrx_word' id='word_1_142' title='bbox 3861 2694 4116 2772; x_wconf 83' lang='lat' dir='ltr'><strong>existi·</strong></span> 
     </span>
     <span class='ocr_line' id='line_1_17' title="bbox 1008 2825 4111 2930; baseline 0.001 -24"><span class='ocrx_word' id='word_1_143' title='bbox 1008 2856 1193 2906; x_wconf 88' lang='lat' dir='ltr'><strong>mer.</strong></span> <span class='ocrx_word' id='word_1_144' title='bbox 1247 2830 1664 2928; x_wconf 82' lang='lat' dir='ltr'><strong>Pervagata</strong></span> <span class='ocrx_word' id='word_1_145' title='bbox 1716 2838 1884 2902; x_wconf 88' lang='lat' dir='ltr'><strong>ante</strong></span> <span class='ocrx_word' id='word_1_146' title='bbox 1919 2826 2444 2904; x_wconf 87' lang='lat' dir='ltr'><strong>Petersenium</strong></span> <span class='ocrx_word' id='word_1_147' title='bbox 2487 2827 2984 2928; x_wconf 90' lang='lat' dir='ltr'><strong>omniumque,</strong></span> <span class='ocrx_word' id='word_1_148' title='bbox 3035 2853 3220 2929; x_wconf 89' lang='lat' dir='ltr'><strong>quos</strong></span> <span class='ocrx_word' id='word_1_149' title='bbox 3259 2825 3553 2928; x_wconf 90' lang='lat' dir='ltr'><strong>quidem</strong></span> <span class='ocrx_word' id='word_1_150' title='bbox 3589 2853 3729 2929; x_wconf 78' lang='lat' dir='ltr'><strong>ego</strong></span> <span class='ocrx_word' id='word_1_151' title='bbox 3756 2832 4111 2930; x_wconf 89' lang='lat' dir='ltr'><strong>noverim,</strong></span> 
     </span>
     <span class='ocr_line' id='line_1_18' title="bbox 1001 2962 4112 3070; baseline 0 -24"><span class='ocrx_word' id='word_1_152' title='bbox 1001 2991 1368 3047; x_wconf 90' lang='lat' dir='ltr'><strong>consensu</strong></span> <span class='ocrx_word' id='word_1_153' title='bbox 1418 2975 1726 3066; x_wconf 88' lang='lat' dir='ltr'><strong>recepta</strong></span> <span class='ocrx_word' id='word_1_154' title='bbox 1767 2963 2134 3041; x_wconf 86' lang='lat' dir='ltr'><strong>sententia</strong></span> <span class='ocrx_word' id='word_1_155' title='bbox 2183 2963 2371 3041; x_wconf 89' lang='lat' dir='ltr'><strong>haec</strong></span> <span class='ocrx_word' id='word_1_156' title='bbox 2421 2963 2588 3060; x_wconf 88' lang='lat' dir='ltr'><strong>fuit,</strong></span> <span class='ocrx_word' id='word_1_157' title='bbox 2624 2963 3028 3066; x_wconf 77' lang='lat' dir='ltr'><strong>significari</strong></span> <span class='ocrx_word' id='word_1_158' title='bbox 3077 2963 3204 3042; x_wconf 90' lang='lat' dir='ltr'><strong>illa</strong></span> <span class='ocrx_word' id='word_1_159' title='bbox 3232 2962 3607 3042; x_wconf 87' lang='lat' dir='ltr'><strong>locutione</strong></span> <span class='ocrx_word' id='word_1_160' title='bbox 3644 2965 4112 3070; x_wconf 88' lang='lat' dir='ltr'><strong>tributorum,</strong></span> 
     </span>
     <span class='ocr_line' id='line_1_19' title="bbox 995 3101 4117 3206; baseline 0 -22"><span class='ocrx_word' id='word_1_161' title='bbox 995 3105 1455 3206; x_wconf 82' lang='lat' dir='ltr'><strong>liturgiarum</strong></span> <span class='ocrx_word' id='word_1_162' title='bbox 1506 3114 2076 3201; x_wconf 92' lang='lat' dir='ltr'><strong>ceterorumque</strong></span> <span class='ocrx_word' id='word_1_163' title='bbox 2123 3102 2451 3178; x_wconf 90' lang='lat' dir='ltr'><strong>munium</strong></span> <span class='ocrx_word' id='word_1_164' title='bbox 2495 3102 3111 3204; x_wconf 71' lang='lat' dir='ltr'><strong>praestationemz</strong></span> <span class='ocrx_word' id='word_1_165' title='bbox 3160 3101 3238 3179; x_wconf 94' lang='lat' dir='ltr'><strong>id</strong></span> <span class='ocrx_word' id='word_1_166' title='bbox 3285 3102 3411 3178; x_wconf 90' lang='lat' dir='ltr'><strong>ille</strong></span> <span class='ocrx_word' id='word_1_167' title='bbox 3463 3126 3717 3179; x_wconf 77' lang='lat' dir='ltr'><strong>verum</strong></span> <span class='ocrx_word' id='word_1_168' title='bbox 3766 3130 3939 3184; x_wconf 87' lang='lat' dir='ltr'><strong>esse</strong></span> <span class='ocrx_word' id='word_1_169' title='bbox 3988 3133 4117 3184; x_wconf 90' lang='lat' dir='ltr'><strong>ne-</strong></span> 
     </span>
     <span class='ocr_line' id='line_1_20' title="bbox 1001 3236 4124 3345; baseline 0.001 -27"><span class='ocrx_word' id='word_1_170' title='bbox 1001 3255 1164 3345; x_wconf 81' lang='lat' dir='ltr'><strong>gat,</strong></span> <span class='ocrx_word' id='word_1_171' title='bbox 1217 3252 1294 3316; x_wconf 89' lang='lat' dir='ltr'><strong>et</strong></span> <span class='ocrx_word' id='word_1_172' title='bbox 1345 3240 1441 3317; x_wconf 92' lang='lat' dir='ltr'><strong>de</strong></span> <span class='ocrx_word' id='word_1_173' title='bbox 1492 3238 1726 3315; x_wconf 88' lang='lat' dir='ltr'><strong>sacris</strong></span> <span class='ocrx_word' id='word_1_174' title='bbox 1786 3236 2037 3339; x_wconf 89' lang='lat' dir='ltr'><strong>potius</strong></span> <span class='ocrx_word' id='word_1_175' title='bbox 2093 3238 2522 3316; x_wconf 84' lang='lat' dir='ltr'><strong>domesticis</strong></span> <span class='ocrx_word' id='word_1_176' title='bbox 2575 3250 2795 3340; x_wconf 90' lang='lat' dir='ltr'><strong>atque</strong></span> <span class='ocrx_word' id='word_1_177' title='bbox 2869 3240 3155 3316; x_wconf 83' lang='lat' dir='ltr'><strong>arcanis</strong></span> <span class='ocrx_word' id='word_1_178' title='bbox 3222 3239 3687 3341; x_wconf 80' lang='lat' dir='ltr'><strong>cogitandum</strong></span> <span class='ocrx_word' id='word_1_179' title='bbox 3745 3267 3915 3321; x_wconf 85' lang='lat' dir='ltr'><strong>esse</strong></span> <span class='ocrx_word' id='word_1_180' title='bbox 3973 3247 4124 3322; x_wconf 54' lang='lat' dir='ltr'><strong>stass</strong></span> 
     </span>
     <span class='ocr_line' id='line_1_21' title="bbox 1002 3375 4116 3479; baseline 0.001 -22"><span class='ocrx_word' id='word_1_181' title='bbox 1002 3381 1168 3474; x_wconf 89' lang='lat' dir='ltr'><strong>tuit,</strong></span> <span class='ocrx_word' id='word_1_182' title='bbox 1223 3402 1411 3479; x_wconf 89' lang='lat' dir='ltr'><strong>quae</strong></span> <span class='ocrx_word' id='word_1_183' title='bbox 1460 3376 1599 3455; x_wconf 91' lang='lat' dir='ltr'><strong>soli</strong></span> <span class='ocrx_word' id='word_1_184' title='bbox 1647 3375 1850 3453; x_wconf 84' lang='lat' dir='ltr'><strong>cives</strong></span> <span class='ocrx_word' id='word_1_185' title='bbox 1903 3375 2132 3451; x_wconf 90' lang='lat' dir='ltr'><strong>Attici</strong></span> <span class='ocrx_word' id='word_1_186' title='bbox 2188 3376 2262 3453; x_wconf 93' lang='lat' dir='ltr'><strong>in</strong></span> <span class='ocrx_word' id='word_1_187' title='bbox 2316 3401 2454 3452; x_wconf 90' lang='lat' dir='ltr'><strong>sua</strong></span> <span class='ocrx_word' id='word_1_188' title='bbox 2522 3377 2834 3478; x_wconf 88' lang='lat' dir='ltr'><strong>quisque</strong></span> <span class='ocrx_word' id='word_1_189' title='bbox 2895 3377 3114 3454; x_wconf 90' lang='lat' dir='ltr'><strong>domo</strong></span> <span class='ocrx_word' id='word_1_190' title='bbox 3176 3377 3516 3454; x_wconf 86' lang='lat' dir='ltr'><strong>fecerint.</strong></span> <span class='ocrx_word' id='word_1_191' title='bbox 3631 3377 3856 3457; x_wconf 88' lang='lat' dir='ltr'><strong>Hanc</strong></span> <span class='ocrx_word' id='word_1_192' title='bbox 3922 3383 4116 3459; x_wconf 91' lang='lat' dir='ltr'><strong>enim</strong></span> 
     </span>
     <span class='ocr_line' id='line_1_22' title="bbox 998 3513 4116 3626; baseline 0.002 -34"><span class='ocrx_word' id='word_1_193' title='bbox 998 3513 1682 3626; x_wconf 68' lang='lat' dir='ltr'><strong>interpretationem</strong></span> <span class='ocrx_word' id='word_1_194' title='bbox 1751 3535 1966 3588; x_wconf 89' lang='lat' dir='ltr'><strong>unam</strong></span> <span class='ocrx_word' id='word_1_195' title='bbox 2028 3514 2409 3589; x_wconf 81' lang='lat' dir='ltr'><strong>contextui</strong></span> <span class='ocrx_word' id='word_1_196' title='bbox 2471 3515 2867 3592; x_wconf 83' lang='lat' dir='ltr'><strong>verborum</strong></span> <span class='ocrx_word' id='word_1_197' title='bbox 2945 3515 3023 3591; x_wconf 89' lang='lat' dir='ltr'><strong>in</strong></span> <span class='ocrx_word' id='word_1_198' title='bbox 3089 3513 3372 3591; x_wconf 85' lang='lat' dir='ltr'><strong>Cratini</strong></span> <span class='ocrx_word' id='word_1_199' title='bbox 3450 3514 3788 3593; x_wconf 83' lang='lat' dir='ltr'><strong>versibus</strong></span> <span class='ocrx_word' id='word_1_200' title='bbox 3874 3530 4116 3622; x_wconf 86' lang='lat' dir='ltr'><strong>aptam</strong></span> 
     </span>
     <span class='ocr_line' id='line_1_23' title="bbox 1005 3648 4120 3756; baseline 0.001 -27"><span class='ocrx_word' id='word_1_201' title='bbox 1005 3679 1214 3729; x_wconf 82' lang='lat' dir='ltr'><strong>esse:</strong></span> <span class='ocrx_word' id='word_1_202' title='bbox 1283 3650 1386 3727; x_wconf 91' lang='lat' dir='ltr'><strong>illi</strong></span> <span class='ocrx_word' id='word_1_203' title='bbox 1453 3650 1664 3726; x_wconf 88' lang='lat' dir='ltr'><strong>alteri</strong></span> <span class='ocrx_word' id='word_1_204' title='bbox 1733 3673 1875 3723; x_wconf 92' lang='lat' dir='ltr'><strong>non</strong></span> <span class='ocrx_word' id='word_1_205' title='bbox 1946 3648 2163 3726; x_wconf 91' lang='lat' dir='ltr'><strong>modo</strong></span> <span class='ocrx_word' id='word_1_206' title='bbox 2231 3651 2429 3726; x_wconf 90' lang='lat' dir='ltr'><strong>hunc</strong></span> <span class='ocrx_word' id='word_1_207' title='bbox 2493 3662 2961 3746; x_wconf 86' lang='lat' dir='ltr'><strong>contextum,</strong></span> <span class='ocrx_word' id='word_1_208' title='bbox 3033 3652 3166 3728; x_wconf 88' lang='lat' dir='ltr'><strong>sed</strong></span> <span class='ocrx_word' id='word_1_209' title='bbox 3233 3651 3453 3727; x_wconf 91' lang='lat' dir='ltr'><strong>etiam</strong></span> <span class='ocrx_word' id='word_1_210' title='bbox 3501 3676 3714 3729; x_wconf 90' lang='lat' dir='ltr'><strong>usum</strong></span> <span class='ocrx_word' id='word_1_211' title='bbox 3767 3655 4120 3756; x_wconf 86' lang='lat' dir='ltr'><strong>loquendi</strong></span> 
     </span>
     <span class='ocr_line' id='line_1_24' title="bbox 1006 3785 4119 3890; baseline 0.003 -25"><span class='ocrx_word' id='word_1_212' title='bbox 1006 3787 1381 3865; x_wconf 87' lang='lat' dir='ltr'><strong>adversari</strong></span> <span class='ocrx_word' id='word_1_213' title='bbox 1400 3787 1484 3888; x_wconf 79' lang='lat'><strong>⁸).</strong></span> <span class='ocrx_word' id='word_1_214' title='bbox 1592 3785 1822 3885; x_wconf 88' lang='lat' dir='ltr'><strong>Atqui</strong></span> <span class='ocrx_word' id='word_1_215' title='bbox 1890 3785 1985 3860; x_wconf 90' lang='lat' dir='ltr'><strong>de</strong></span> <span class='ocrx_word' id='word_1_216' title='bbox 2048 3799 2405 3864; x_wconf 82' lang='lat' dir='ltr'><strong>contextu</strong></span> <span class='ocrx_word' id='word_1_217' title='bbox 2460 3787 2758 3888; x_wconf 91' lang='lat' dir='ltr'><strong>quidem</strong></span> <span class='ocrx_word' id='word_1_218' title='bbox 2825 3794 3134 3890; x_wconf 85' lang='lat' dir='ltr'><strong>apparet</strong></span> <span class='ocrx_word' id='word_1_219' title='bbox 3174 3813 3391 3890; x_wconf 88' lang='lat' dir='ltr'><strong>quam</strong></span> <span class='ocrx_word' id='word_1_220' title='bbox 3441 3789 3805 3867; x_wconf 88' lang='lat' dir='ltr'><strong>lubricum</strong></span> <span class='ocrx_word' id='word_1_221' title='bbox 3852 3794 3951 3871; x_wconf 90' lang='lat' dir='ltr'><strong>sit</strong></span> <span class='ocrx_word' id='word_1_222' title='bbox 4011 3796 4119 3873; x_wconf 92' lang='lat' dir='ltr'><strong>iu-</strong></span> 
     </span>
     <span class='ocr_line' id='line_1_25' title="bbox 1007 3912 4119 4031; baseline 0.003 -29"><span class='ocrx_word' id='word_1_223' title='bbox 1007 3927 1279 4003; x_wconf 89' lang='lat' dir='ltr'><strong>dicium</strong></span> <span class='ocrx_word' id='word_1_224' title='bbox 1328 3924 1404 4001; x_wconf 91' lang='lat' dir='ltr'><strong>in</strong></span> <span class='ocrx_word' id='word_1_225' title='bbox 1457 3921 1879 3999; x_wconf 89' lang='lat' dir='ltr'><strong>huiusmodi</strong></span> <span class='ocrx_word' id='word_1_226' title='bbox 1940 3924 2392 4024; x_wconf 84' lang='lat' dir='ltr'><strong>fragmento,</strong></span> <span class='ocrx_word' id='word_1_227' title='bbox 2453 3924 2577 4001; x_wconf 89' lang='lat' dir='ltr'><strong>ubi</strong></span> <span class='ocrx_word' id='word_1_228' title='bbox 2644 3927 2739 4002; x_wconf 94' lang='lat' dir='ltr'><strong>de</strong></span> <span class='ocrx_word' id='word_1_229' title='bbox 2813 3912 3545 4027; x_wconf 50' lang='lat' dir='ltr'><strong>consilio&#39;loquentis</strong></span> <span class='ocrx_word' id='word_1_230' title='bbox 3604 3941 3680 4005; x_wconf 91' lang='lat' dir='ltr'><strong>et</strong></span> <span class='ocrx_word' id='word_1_231' title='bbox 3744 3955 3960 4031; x_wconf 89' lang='lat' dir='ltr'><strong>quam</strong></span> <span class='ocrx_word' id='word_1_232' title='bbox 4027 3935 4119 4010; x_wconf 90' lang='lat' dir='ltr'><strong>ob</strong></span> 
     </span>
     <span class='ocr_line' id='line_1_26' title="bbox 1007 4044 4247 4164; baseline 0.002 -24"><span class='ocrx_word' id='word_1_233' title='bbox 1007 4088 1303 4140; x_wconf 89' lang='lat' dir='ltr'><strong>causam</strong></span> <span class='ocrx_word' id='word_1_234' title='bbox 1366 4060 1689 4162; x_wconf 88' lang='lat' dir='ltr'><strong>quidque</strong></span> <span class='ocrx_word' id='word_1_235' title='bbox 1753 4059 2043 4137; x_wconf 91' lang='lat' dir='ltr'><strong>dicatur</strong></span> <span class='ocrx_word' id='word_1_236' title='bbox 2107 4059 2286 4137; x_wconf 84' lang='lat' dir='ltr'><strong>nihil</strong></span> <span class='ocrx_word' id='word_1_237' title='bbox 2338 4062 2556 4161; x_wconf 89' lang='lat' dir='ltr'><strong>plane</strong></span> <span class='ocrx_word' id='word_1_238' title='bbox 2626 4075 3084 4164; x_wconf 85' lang='lat' dir='ltr'><strong>compertum</strong></span> <span class='ocrx_word' id='word_1_239' title='bbox 3153 4044 3576 4141; x_wconf 83' lang='lat' dir='ltr'><strong>habeamus.</strong></span> <span class='ocrx_word' id='word_1_240' title='bbox 3679 4067 4120 4148; x_wconf 88' lang='lat' dir='ltr'><strong>Petersenio</strong></span> <span class='ocrx_word' id='word_1_241' title='bbox 4237 4152 4247 4161; x_wconf 57' lang='grc'><strong><em>,</em></strong></span> 
     </span>
    </p>
   </div>
   <div class='ocr_carea' id='block_1_2' title="bbox 958 4316 4122 4732">
    <p class='ocr_par' dir='ltr' id='par_1_4' title="bbox 1200 4316 3119 4398">
     <span class='ocr_line' id='line_1_27' title="bbox 1200 4316 3119 4398; baseline -0.002 -17"><span class='ocrx_word' id='word_1_242' title='bbox 1200 4322 1271 4398; x_wconf 77' lang='grc' dir='ltr'><strong>θ)</strong></span> <span class='ocrx_word' id='word_1_243' title='bbox 1316 4321 1588 4380; x_wconf 70' lang='lat' dir='ltr'><strong>philostr.</strong></span> <span class='ocrx_word' id='word_1_244' title='bbox 1627 4322 1728 4380; x_wconf 79' lang='lat' dir='ltr'><strong>vit.</strong></span> <span class='ocrx_word' id='word_1_245' title='bbox 1766 4319 1937 4395; x_wconf 81' lang='lat' dir='ltr'><strong>soph.</strong></span> <span class='ocrx_word' id='word_1_246' title='bbox 1979 4317 2048 4387; x_wconf 88' lang='lat'><strong>11,</strong></span> <span class='ocrx_word' id='word_1_247' title='bbox 2092 4316 2182 4387; x_wconf 87' lang='grc'><strong>10,</strong></span> <span class='ocrx_word' id='word_1_248' title='bbox 2227 4319 2252 4375; x_wconf 99' lang='grc'><strong>1</strong></span> <span class='ocrx_word' id='word_1_249' title='bbox 2306 4331 2363 4391; x_wconf 84' lang='lat' dir='ltr'><strong>p.</strong></span> <span class='ocrx_word' id='word_1_250' title='bbox 2403 4317 2537 4379; x_wconf 85' lang='lat'><strong>585.</strong></span> <span class='ocrx_word' id='word_1_251' title='bbox 2578 4319 2639 4378; x_wconf 88' lang='lat' dir='ltr'><strong>et</strong></span> <span class='ocrx_word' id='word_1_252' title='bbox 2679 4319 2770 4390; x_wconf 84' lang='grc'><strong>13,</strong></span> <span class='ocrx_word' id='word_1_253' title='bbox 2813 4322 2836 4377; x_wconf 99' lang='grc'><strong>1</strong></span> <span class='ocrx_word' id='word_1_254' title='bbox 2881 4333 2938 4394; x_wconf 82' lang='lat' dir='ltr'><strong>p.</strong></span> <span class='ocrx_word' id='word_1_255' title='bbox 2986 4319 3119 4380; x_wconf 74' lang='lat'><strong>594.</strong></span> 
     </span>
    </p>

    <p class='ocr_par' dir='ltr' id='par_1_5' title="bbox 958 4427 4122 4619">
     <span class='ocr_line' id='line_1_28' title="bbox 958 4427 4122 4515; baseline 0.002 -24"><span class='ocrx_word' id='word_1_256' title='bbox 958 4505 967 4515; x_wconf 18' lang='grc' dir='ltr'><strong>θ</strong></span> <span class='ocrx_word' id='word_1_257' title='bbox 1196 4435 1258 4507; x_wconf 86' lang='grc'><strong>7)</strong></span> <span class='ocrx_word' id='word_1_258' title='bbox 1299 4433 1583 4492; x_wconf 77' lang='lat' dir='ltr'><strong>Nicander</strong></span> <span class='ocrx_word' id='word_1_259' title='bbox 1627 4432 2022 4503; x_wconf 82' lang='lat' dir='ltr'><strong>Thyatiremas</strong></span> <span class='ocrx_word' id='word_1_260' title='bbox 2063 4428 2211 4503; x_wconf 79' lang='lat' dir='ltr'><strong>apud</strong></span> <span class='ocrx_word' id='word_1_261' title='bbox 2254 4429 2538 4489; x_wconf 79' lang='lat' dir='ltr'><strong>Athenae.</strong></span> <span class='ocrx_word' id='word_1_262' title='bbox 2577 4428 2669 4502; x_wconf 85' lang='lat' dir='ltr'><strong>x1,</strong></span> <span class='ocrx_word' id='word_1_263' title='bbox 2707 4430 2746 4486; x_wconf 83' lang='lat'><strong>5</strong></span> <span class='ocrx_word' id='word_1_264' title='bbox 2783 4442 2843 4503; x_wconf 81' lang='lat' dir='ltr'><strong>p.</strong></span> <span class='ocrx_word' id='word_1_265' title='bbox 2882 4427 3017 4490; x_wconf 74' lang='lat'><strong>4⁶1.</strong></span> <span class='ocrx_word' id='word_1_266' title='bbox 3057 4460 3131 4472; x_wconf 89' lang='lat'>—</span> <span class='ocrx_word' id='word_1_267' title='bbox 3171 4432 3355 4495; x_wconf 78' lang='lat' dir='ltr'><strong>Etiam</strong></span> <span class='ocrx_word' id='word_1_268' title='bbox 3396 4430 3712 4507; x_wconf 74' lang='lat' dir='ltr'><strong>cyathus</strong></span> <span class='ocrx_word' id='word_1_269' title='bbox 3765 4438 3824 4494; x_wconf 82' lang='lat' dir='ltr'><strong>iu</strong></span> <span class='ocrx_word' id='word_1_270' title='bbox 3863 4436 4122 4498; x_wconf 82' lang='lat' dir='ltr'><strong>Herculis</strong></span> 
     </span>
     <span class='ocr_line' id='line_1_29' title="bbox 1010 4538 3660 4619; baseline -0.002 -13"><span class='ocrx_word' id='word_1_271' title='bbox 1010 4547 1307 4606; x_wconf 83' lang='lat' dir='ltr'><strong>comitibus</strong></span> <span class='ocrx_word' id='word_1_272' title='bbox 1347 4545 1749 4603; x_wconf 84' lang='lat' dir='ltr'><strong>numerabatur</strong></span> <span class='ocrx_word' id='word_1_273' title='bbox 1789 4544 1859 4601; x_wconf 84' lang='lat' dir='ltr'><strong>ab</strong></span> <span class='ocrx_word' id='word_1_274' title='bbox 1899 4542 2078 4601; x_wconf 86' lang='lat' dir='ltr'><strong>aitero</strong></span> <span class='ocrx_word' id='word_1_275' title='bbox 2118 4540 2424 4613; x_wconf 78' lang='lat' dir='ltr'><strong>Nicandro,</strong></span> <span class='ocrx_word' id='word_1_276' title='bbox 2464 4538 2837 4615; x_wconf 76' lang='lat' dir='ltr'><strong>Colophonio.</strong></span> <span class='ocrx_word' id='word_1_277' title='bbox 2922 4543 3129 4602; x_wconf 81' lang='lat' dir='ltr'><strong>Athea.</strong></span> <span class='ocrx_word' id='word_1_278' title='bbox 3168 4542 3262 4603; x_wconf 84' lang='lat' dir='ltr'><strong>ix.</strong></span> <span class='ocrx_word' id='word_1_279' title='bbox 3301 4543 3379 4605; x_wconf 81' lang='lat'><strong>80</strong></span> <span class='ocrx_word' id='word_1_280' title='bbox 3419 4558 3477 4619; x_wconf 80' lang='lat' dir='ltr'><strong>p.</strong></span> <span class='ocrx_word' id='word_1_281' title='bbox 3521 4542 3660 4603; x_wconf 79' lang='grc'><strong>411.</strong></span> 
     </span>
    </p>

    <p class='ocr_par' dir='ltr' id='par_1_6' title="bbox 1193 4651 4120 4732">
     <span class='ocr_line' id='line_1_30' title="bbox 1193 4651 4120 4732; baseline 0 -16"><span class='ocrx_word' id='word_1_282' title='bbox 1193 4654 1265 4732; x_wconf 84' lang='lat'><strong>8)</strong></span> <span class='ocrx_word' id='word_1_283' title='bbox 1307 4655 1437 4715; x_wconf 83' lang='lat' dir='ltr'><strong>Chr.</strong></span> <span class='ocrx_word' id='word_1_284' title='bbox 1485 4655 1779 4724; x_wconf 72' lang='lat' dir='ltr'><strong>Peterson,</strong></span> <span class='ocrx_word' id='word_1_285' title='bbox 1822 4654 1925 4713; x_wconf 80' lang='lat' dir='ltr'><strong>der</strong></span> <span class='ocrx_word' id='word_1_286' title='bbox 1964 4651 2510 4723; x_wconf 75' lang='lat' dir='ltr'><strong>Hausgottesdienst</strong></span> <span class='ocrx_word' id='word_1_287' title='bbox 2549 4653 2650 4713; x_wconf 83' lang='lat' dir='ltr'><strong>der</strong></span> <span class='ocrx_word' id='word_1_288' title='bbox 2689 4651 2843 4712; x_wconf 83' lang='lat' dir='ltr'><strong>alten</strong></span> <span class='ocrx_word' id='word_1_289' title='bbox 2874 4652 3156 4713; x_wconf 82' lang='lat' dir='ltr'><strong>Griechen</strong></span> <span class='ocrx_word' id='word_1_290' title='bbox 3197 4651 3457 4730; x_wconf 80' lang='lat' dir='ltr'><strong>(cassel.</strong></span> <span class='ocrx_word' id='word_1_291' title='bbox 3489 4652 3686 4730; x_wconf 82' lang='grc'><strong>1851).</strong></span> <span class='ocrx_word' id='word_1_292' title='bbox 3719 4672 3777 4732; x_wconf 85' lang='lat' dir='ltr'><strong>p.</strong></span> <span class='ocrx_word' id='word_1_293' title='bbox 3817 4661 3887 4717; x_wconf 85' lang='lat'><strong>1⁷</strong></span> <span class='ocrx_word' id='word_1_294' title='bbox 3930 4661 3987 4720; x_wconf 83' lang='lat' dir='ltr'><strong>et</strong></span> <span class='ocrx_word' id='word_1_295' title='bbox 4022 4662 4120 4718; x_wconf 81' lang='grc'><strong>51.</strong></span> 
     </span>
    </p>
   </div>
   <div class='ocr_carea' id='block_1_3' title="bbox 4712 0 4755 5844">
    <p class='ocr_par' dir='ltr' id='par_1_7' title="bbox 4712 0 4755 5844">
     <span class='ocr_line' id='line_1_31' title="bbox 4712 0 4755 5844; baseline 0 0"><span class='ocrx_word' id='word_1_296' title='bbox 4712 0 4755 5844; x_wconf 95' lang='lat' dir='ltr'><strong> </strong></span> 
     </span>
    </p>
   </div>
  </div>
 </body>
</html>
