4775 6075
2541 548 2619 633 4

1025 811 1102 889 in
1146 809 1411 911 quibus
1440 810 1626 886 haec
1657 808 1819 910 ipsa
1859 807 2284 909 planissime
2327 817 2735 909 comparet,
2789 803 3034 880 statim
3089 801 3285 877 hunc
3327 812 3666 901 quartum
3714 826 3757 876 e
3807 800 4118 878 Cratino

1025 947 1435 1049 subiungit,
1511 927 1719 1023 nulla
1773 944 2086 1047 amplius
2145 943 2641 1047 explicatione
2711 940 2998 1036 addita,
3076 938 3253 1014 licet
3326 936 3703 1039 propriam
3780 939 4126 1016 vocabuli

1025 1083 1633 1188 significationem
1688 1081 1762 1159 in
1817 1108 1910 1158 eo
1960 1079 2463 1183 agnoscinon
2528 1106 2755 1183 posse
2822 1076 3284 1155 manifestum
3342 1073 3464 1152 sit.
3565 1073 3833 1176 Neque
3881 1075 3957 1151 id
4011 1077 4122 1152 su-

1023 1221 1131 1324 git
1191 1220 1707 1314 Eustathium,
1763 1217 1889 1320 qui
1960 1219 2053 1296 ad
2123 1218 2213 1296 11.
2258 1218 2472 1296 XXI.
2542 1218 2692 1295 316
2747 1242 2822 1318 p.
2877 1215 3101 1310 1271,
3161 1213 3259 1288 32
3337 1210 3518 1288 illud
3604 1212 3845 1313 ipsum
3929 1221 4017 1297 εἰς
4055 1219 4125 1285 τὸ

1024 1371 1346 1435 κυλικεῖον
1401 1363 1766 1453 ἐνεγράφην
1823 1378 2441 1451 commemorans,
2484 1352 3051 1456 symposium
3097 1349 3499 1451 significari
3539 1349 3860 1427 coniicit.
3934 1349 4123 1427 Nam

1026 1492 1528 1571 coniecturam
1594 1493 1782 1570 hanc
1835 1519 2044 1589 esse,
2100 1516 2245 1569 non
2304 1501 2582 1568 certam
2647 1503 2727 1567 et
2793 1516 2892 1568 ex
2950 1490 3115 1592 ipsa
3167 1486 3451 1564 Cratini
3515 1488 3759 1564 fabula
3826 1488 4121 1563 ductam

1023 1628 1705 1730 interpretationem
1753 1642 2085 1731 apparet,
2137 1628 2415 1731 quippe
2455 1654 2676 1730 quum
2721 1627 2818 1704 de
2868 1628 2993 1705 illa
3043 1626 3287 1703 fabula
3339 1649 3483 1700 non
3537 1626 3703 1725 plus
3727 1624 4124 1702 Eustathio

1025 1790 1238 1867 quam
1285 1765 1498 1842 nobis
1550 1779 1800 1844 notum
1866 1766 2132 1844 fueritz
2192 1777 2474 1842 tantum
2537 1764 2862 1861 scilicet,
2933 1776 3283 1866 quantum
3346 1787 3444 1839 ex
3498 1762 3886 1840 Athenaeo
3954 1786 4122 1874 cog·

1023 1902 1233 1978 nosci
1259 1912 1536 2003 potest.
1637 1897 1996 1981 Probavit
2038 1914 2284 1980 autem
2327 1902 2491 1980 eius
2537 1902 3037 1979 coniecturam
3069 1899 3601 1999 Meinekiuffl),
3653 1899 4122 1975 sententiam-

1020 2063 1165 2140 que
1211 2039 1358 2116 loci
1409 2035 1520 2116 sic
1566 2040 1843 2142 optime
1894 2040 2285 2118 indicatam
2338 2065 2510 2117 esse
2547 2050 2844 2117 censete
2897 2037 3074 2115 mibi
3118 2062 3209 2114 ea
3250 2063 3396 2114 non
3436 2036 3731 2139 quidem
3777 2037 4121 2132 absurda,

1020 2175 1582 2277 haudquaquam
1648 2187 1895 2254 tamen
1965 2176 2239 2279 optima
2322 2203 2495 2254 esse
2570 2176 2887 2255 videtur.
3023 2175 3228 2278 Quid
3293 2175 3718 2251 enimesse
3786 2174 4121 2250 dicemus

1020 2318 1109 2396 εἰς
1143 2317 1213 2385 τὸ
1256 2317 1621 2405 συμπόσιον
1658 2319 2107 2408 ἐγγραφῆναι,
2143 2312 2233 2389 in
2279 2301 2852 2416 symposium
2904 2310 3365 2411 inscribi?
3418 2313 3537 2388 Au
3588 2310 3814 2387 moris
3860 2309 4118 2404 fuisse,

1022 2459 1105 2523 ut
1154 2469 1197 2521 a
1249 2445 1545 2523 domino
1594 2445 1908 2524 convivii
1968 2449 2263 2526 nomina
2303 2447 2775 2529 convivarum
2819 2449 2898 2527 iu
2937 2448 3187 2527 iudice
3213 2447 3746 2544 scriberentur,
3797 2447 4118 2549 ideoque

1015 2582 1574 2684 inscriptum
1618 2607 1830 2660 esse
1882 2583 1969 2660 in
2013 2586 2582 2689 symposium
2634 2569 2832 2664 idem
2877 2571 3297 2688 significare
3326 2598 3548 2686 atque
3600 2584 3688 2661 in
3744 2610 4118 2661 numero
4177 2635 4184 2642 -

1019 2719 1607 2798 convivarum
1682 2713 1957 2798 osse?
2027 2723 2273 2801 Certe·
2320 2709 2744 2826 exemplum
2825 2736 2952 2800 aut
3026 2721 3525 2799 testimonium
3592 2721 3812 2798 huius
3891 2722 4116 2799 moris

1014 2860 1291 2936 nullum
1346 2869 1605 2935 extare
1659 2857 1931 2956 credo,
1974 2885 2226 2963 *neque
2277 2861 2646 2964 intelligo,
2695 2886 2838 2962 qua
2889 2860 3177 2938 ratione
3230 2857 3493 2959 aliquis
3536 2883 3620 2935 se
3660 2857 3893 2937 civem
3947 2886 4120 2961 pro·

1014 2997 1193 3073 bare
1231 2995 1373 3073 hoc
1407 3011 1838 3098 argumento
1867 2998 2218 3098 potuerit,
2257 2998 2457 3100 qnod
2496 2998 2572 3076 in
2604 2998 3076 3078 convivarum
3117 3019 3426 3074 numero
3465 3010 3692 3091 esset,
3738 2998 3948 3100 quasi
3972 3024 4116 3076 non

1013 3132 1450 3233 peregrinos
1481 3158 1777 3235 quoque
1811 3133 1903 3210 ad
1929 3134 2339 3212 convivium
2379 3134 2633 3212 vocari
2673 3134 2992 3213 licuerit.
3058 3133 3245 3210 Nam
3300 3134 3443 3211 hoc
3469 3133 3765 3234 quidem
3796 3136 4116 3213 dubitari

1018 3266 1163 3365 nou
1199 3281 1470 3370 potest,
1525 3269 1700 3369 quin
1733 3270 1825 3367 is,
1877 3296 2094 3372 quem
2124 3272 2472 3350 Cratinus
2505 3274 2925 3373 loquentem
2980 3270 3299 3369 induxit,
3339 3272 3706 3351 civitatem
3739 3298 3946 3349 suam
3976 3275 4114 3352 hac

1013 3406 1495 3507 inscriptione
1551 3409 2036 3509 comprobare
2092 3409 2434 3487 voluerit.
2549 3410 2814 3510 ltaque
2872 3434 3095 3510 quum
3156 3409 3297 3484 alia
3357 3408 3755 3511 explicatio
3802 3410 4115 3487 circum-

1015 3543 1398 3644 spicienda
1422 3543 1544 3639 sit,
1583 3543 1927 3644 equidem
1958 3558 2284 3622 κυλικεῖον
2317 3545 2498 3638 illud
2527 3545 2915 3646 collegium
2947 3544 3105 3622 sive
3131 3544 3562 3622 sodalicium
3592 3571 3764 3623 esse
3796 3548 4114 3625 arbitror

1016 3679 1283 3758 civium
1313 3681 1756 3778 Atticorum,
1797 3681 1873 3758 in
1930 3706 2075 3781 quo
2105 3681 2459 3759 sodalicio
2488 3683 2674 3759 haec
2717 3684 2840 3760 lex
2879 3685 3427 3778 observaretur,
3457 3694 3538 3758 ut
3581 3685 3943 3761 neminem
3975 3687 4114 3763 nisi

1015 3818 1250 3913 civem
1302 3843 1613 3894 numero
1662 3843 1799 3895 suo
1853 3817 2393 3916 adscriberent,
2445 3821 2642 3927 unde
2688 3818 2902 3896 lacile
2934 3819 3105 3896 fieri
3153 3818 3418 3921 potuit,
3461 3832 3545 3896 ut
3596 3819 3943 3898 Cratinus
3986 3824 4112 3900 ali-

1015 3978 1235 4055 quem
1286 3954 1413 4030 tali
1460 3966 1892 4056 argumento
1946 3954 2055 4031 uti
2107 3956 2390 4033 faceret
2456 3957 2551 4033 ad
2604 3956 2970 4034 civitatem
3033 3981 3241 4033 suam
3285 3959 3775 4060 probandam,
3822 3960 4118 4051 scilicet,

1014 4116 1159 4169 nou
1207 4091 1285 4167 iu
1322 4093 1487 4169 soro
1541 4115 1629 4169 ac
1677 4091 1991 4189 iudicio,
2027 4093 2162 4170 sed
2215 4093 2291 4170 in
2350 4093 2594 4195 aliquo
2639 4092 3041 4171 amicorum
3085 4093 3366 4172 circulo
3417 4106 3494 4171 et
3542 4095 3617 4172 in
3662 4096 3952 4174 actione
4005 4100 4110 4177 lu-

1015 4228 1259 4324 dicra,
1315 4228 1392 4305 iu
1458 4255 1602 4330 qua
1667 4229 1895 4307 etiam·
1955 4229 2246 4308 ludicro
2304 4244 2736 4333 argumento
2809 4232 3017 4309 locus
3083 4246 3309 4309 esset.
3424 4233 4106 4345 SodaliciaQautem

1227 4665 1285 4736 1)
1325 4663 1550 4737 Frasm.
1591 4666 1797 4724 comto.
1843 4661 1937 4721 ΙΙΙ.
1979 4676 2038 4738 p.
2079 4660 2217 4724 378.
2348 4668 2357 4677 ’
